@article{FS85,
  author  = {Fournier, J. J. F.},
  journal = {Bull. Amer. Math. Soc. (N.S.)},
  number  = {1},
  title   = {Amalgams of {$L^p$} and {$l^q$}},
  volume  = {13},
  year    = {1985},
  pages   = {1--21}
}

@incollection{fei83,
  author    = {Feichtinger, H. G.},
  journal   = {Colloq. Math. Soc. J{\'a}nos Bolyai},
  title     = {Banach convolution algebras of Wiener type},
  booktitle = {Functions, series, operators, Vol. I, II (Budapest, 1980)},
  publisher = {North-Holland Publishing Co., Amsterdam},
  volume    = {35},
  year      = {1983},
  pages     = {509--524}
}

@article{fei90,
  author  = {Feichtinger, H. G.},
  journal = {Canadian J. Math.},
  number  = {3},
  title   = {Generelized amalgams, with applications to {F}ourier transform},
  volume  = {XLII},
  year    = {1990},
  pages   = {395--409}
}

@incollection{fei015,
  author    = {Feichtinger, H. G.},
  booktitle = {Excursions in Harmonic Analysis},
  series    = {Appl. Numer. Harmon. Anal.},
  publisher = {Birkh√§user/Springer, Cham},
  title     = {Choosing function spaces in harmonic analysis},
  year      = {2015},
  pages     = {65--101},
  volume    = {4}
}