@article{schw53b,
  title   = {Produits tensoriels topologiques et espaces nucléaires},
  author  = {L. Schwartz},
  journal = {S{\'e}minaire Schwartz},
  volume  = {1},
  number  = {1},
  pages   = {1--3},
  year    = {1953/54}
}

@article{schw53c,
  title   = {D{\'e}finition int{\'e}grale de la convolution de deux distributions},
  author  = {L. Schwartz},
  journal = {S{\'e}minaire Schwartz},
  number  = {22},
  volume  = {1},
  pages   = {1--7},
  year    = {1953/54}
}

@article{RST78,
  author  = {L. A. Rubel and W. A. Squires and B. A. Taylor},
  journal = {Ann. of Math. (2)},
  title   = {Irreducibility of certain entire functions with applicationsto harmonic analysis},
  number  = {3},
  volume  = {108},
  year    = {1978},
  pages   = {553--567}
}

@article{car74,
  author  = {P. Cartier},
  journal = {S{\'e}minaire Bourbaki},
  number  = {454},
  title   = {Vecteurs diff{\'e}rentiables dans les repr{\'e}sentations unitaires des groupes de Lie},
  year    = {1974},
  pages   = {20--34}
}

@article{DM78,
  title   = {Factorisations de fonctions et de vecteurs ind{\'e}finiment diff{\'e}rentiables},
  author  = {J. Dixmier and P. Malliavin},
  journal = {Bull. Sci. Math},
  volume  = {102},
  number  = {2},
  pages   = {305--330},
  year    = {1978}
}

@article{shi59,
  author  = {R. Shiraishi},
  title   = {On the Definition of Convolutions for Distributions},
  year    = 1959,
  number  = 1,
  pages   = {19--32},
  journal = {J. Hiroshima Univ.},
  volume  = 23
}

@article{DV78,
  author  = {P. Dierolf and J. Voigt},
  title   = {Convolution and {$\mathcal{S}^\prime$-convolution} of distributions},
  journal = {Collect. Math.},
  pages   = {185--196},
  year    = {1978},
  number  = {3},
  volume  = {29}
}

@article{hor74,
  author  = {J. Horv{\'a}th},
  title   = {Sur la convolution des distributions},
  journal = {Bull. Sc. Math.},
  volume  = 98,
  pages   = {183--192},
  series  = 2,
  year    = 1974
}

@article{roi76,
  author  = {B. Roider},
  title   = {Sur la convolution des distributions},
  journal = {Bull. Sc. Math.},
  volume  = 100,
  pages   = {193--199},
  series  = 2,
  year    = 1976
}

@article{min014,
  author  = {S. Mincheva-Kaminska},
  title   = {Convolution of Distributions in Sequential Approach},
  journal = {Filomat},
  year    = 2014,
  volume  = 28,
  number  = 8,
  pages   = {1543-1557}
}

@article{ort004,
  author  = {N. Ortner},
  title   = {On some contributions of {John Horv{\'a}th} to the theory of distributions},
  journal = {J.\ Math.\ Anal.\ Appl.},
  volume  = {297},
  pages   = {353--383},
  year    = {2004},
  number  = {2}
}

@article{ort010,
  author  = {N. Ortner},
  title   = {On convolvability conditions for distributions},
  journal = {Monatsh. Math.},
  year    = {2010},
  pages   = {313--335},
  volume  = {160},
  number  = {3}
}

@article{YR80,
  author  = {H. K. Youn and I. Richards},
  title   = {On the general definition of convolution for distributions},
  journal = {J. Korean Math. Soc.},
  volume  = {17},
  number  = {1},
  year    = {1980},
  pages   = {13--37}
}

@article{YR81,
  author  = {H. K. Youn and I. Richards},
  title   = {On the general definition of convolution for several distributions},
  journal = {J. Korean Math. Soc.},
  volume  = {17},
  number  = {2},
  year    = {1981},
  pages   = {161--168}
}

@inproceedings{sche95,
  author    = {A. R. Schep},
  booktitle = {Operator Theory in function spaeces and Banach lattices},
  editor    = {C. B. Huijsmanns et al.},
  title     = {{Minkowski's} integral inequality for function norms},
  year      = {1995},
  series    = {Operator Theory: Advances and Applications},
  pages     = {299--308},
  publisher = {Birkhäuser, Basel},
  note      = {Der Beweis von Theorem~2.3 wurde in einer im Internet erhältlichen Fassung korrigiert.}
}

@phdthesis{gro52,
  author = {A. Grothendieck},
  school = {Ann. Inst. Fourier (Grenoble)},
  title  = {R{\'e}sum{\'e} des r{\'e}sultats essentiels dans la th{\'e}rie des produits tensoriels topologiques et des espaces nucl{\'e}aires},
  year   = {1952}
}

@article{YO58,
  author  = {K. Yoshinaga and H. Ogata},
  title   = {On Convolutions},
  year    = 1958,
  number  = 1,
  volume  = 22,
  pages   = {15--24},
  journal = {J. Hiroshima Univ.}
}

@article{hir58,
  author  = {Y. Hirata},
  title   = {On convolutions in the theory of distributions},
  year    = 1958,
  number  = 2,
  pages   = {89--98},
  journal = {J. Hiroshima Univ.},
  volume  = 22
}

@article{OW89,
  author  = {N. Ortner and P. Wagner},
  title   = {Applications of Weighted $ \mathscr{ D }'_{ L^p }$-Spaces to the Convolution of Distributions},
  journal = {Bull. Pol. Sci. Math.},
  volume  = {37},
  pages   = {579--595},
  year    = 1989
}

@book{VDZ88,
  author    = {V. S. Vladimirov and Yu. N. Drozzinov and B. I. Zavialov},
  title     = {Tauberian Theorems for Generalized Functions},
  publisher = {Kluwer},
  year      = 1988
}

@article{BG006,
  author  = {B. Basit and H. G{\"u}nzler},
  title   = {Generalized vector valued almost periodic and ergodic distributions},
  journal = {J. Math. Anal. Appl.},
  volume  = {314},
  pages   = {363--381},
  year    = {2006}
}

@book{vla71,
  author    = {S. V. Vladimirov},
  editor    = {A. Jeffrey},
  publisher = {Marcel Dekker Inc., New York},
  title     = {Equations of Mathematical Physics},
  year      = {1971}
}

@article{GOW011,
  author  = {M. Guzm\'{a}n-Partida and N. Ortner and P. Wagner},
  title   = {{M. Riesz'} kernels as boundary values of conjugate {Poisson} kernels},
  journal = {Bull. Sci. Math.},
  pages   = {291--302},
  volume  = {135},
  year    = {2011}
}

@article{BS010,
  author  = {A. Biswas and D. Swanson},
  title   = {{Navier-Stokes} Equations and Weighted Convolution Inequalities in Groups},
  journal = {Comm. Partial Differential Equations},
  volume  = 35,
  number  = 4,
  pages   = {559--589},
  year    = 2010
}

@article{GFWZ018,
  author  = {W. Guo and D. Fan and H. Wu and G. Zhao},
  journal = {Studia Math.},
  number  = {3},
  title   = {Sharp weighted convolution inequalities and some applications},
  volume  = {241},
  year    = {2018},
  pages   = {201--239}
}

@article{ort80d,
  author  = {N. Ortner},
  journal = {C. R. Acad. Sci. Paris S{\'e}r. A-B},
  number  = {12},
  title   = {Sur la convolution des distributions},
  volume  = {290},
  year    = {1980},
  pages   = {A533--A536}
}