@article{OW74,
  author  = {E. G. Ostling and A. Wilansky},
  title   = {Locally convex topologies and the convex compactness property},
  journal = {Proc. Cambrigde Philos. Soc.},
  pages   = {45--50},
  volume  = {75},
  year    = {1974}
}

@inproceedings{ric92,
  author    = {W. J. Ricker},
  booktitle = {Miniconference on Probability and Analysis},
  editor    = {I. Doust and B. Jefferies},
  pages     = {212--221},
  title     = {Weak compactness in spaces of linear operators},
  year      = {1992}
}

@article{tsi77,
  author  = {L. Tsitsas},
  journal = {Math. Nachr.},
  pages   = {297--308},
  title   = {On Weak Compactness in Biprojective Tensor Product Spaces},
  volume  = {78},
  year    = {1975}
}

@article{KT002,
  author  = {S. Kwapie{\'n} and V. Tarieladze},
  journal = {Georgian Math. Jour.},
  number  = {1},
  title   = {{Mackey} continuity of characteristic functionals},
  volume  = {9},
  year    = {2002}
}

@article{die85,
  author  = {S. Dierolf},
  journal = {Note Mat.},
  number  = {2},
  pages   = {147--255},
  title   = {On spaces of continuous linear mappings between locally convex spaces},
  volume  = {5},
  year    = {1985}
}