@article{lar013,
  author  = {J. Larcher},
  title   = {Multiplications and convolutions in {L. Schwartz'} spaces of test functions and distributions and their continuity},
  journal = {Analysis (Berlin)},
  number  = {4},
  volume  = {33},
  year    = {2013},
  pages   = {319--332}
}

@article{LW014,
  author  = {J. Larcher and J. Wengenroth},
  journal = {Bull. Belg. Math. Soc. Simon Stevin},
  number  = {5},
  title   = {A new proof for the bornologicity of the space of slowly increasing functions},
  volume  = {21},
  year    = {2014},
  pages   = {887--894}
}

@article{wag014,
  author  = {P. Wagner},
  title   = {On convolution in weighted $\mathcal{D}'_{L^p}$-spaces},
  journal = {Math. Nachr.},
  volume  = 287,
  number = {4},
  pages   = {472--477},
  year    = 2014
}

@article{DPV015,
  author  = {P. Dimovski and S. Pilipovic and J. Vindas},
  title   = {New distribution spaces associated to translation-invariant Banach spaces},
  journal = {Monatsh. Math.},
  year    = {2015},
  pages   = {495--515},
  volume  = {177},
  number  = {4}
}

@article{DNV021,
  author  = {A. Debrouwere and L. Neyt and J. Vindas},
  title   = {The nuclearity of {Gelfand-Shilov} spaces and kernel theorems},
  journal = {Collect. Math.},
  volume  = {72},
  year    = {2021},
  pages   = {203--227}
}

@article{KPSV016,
  author  = {S. Kostadinova and S. Pilipovic and K. Saneva and J. Vindas},
  title   = {The short-time {Fourier} transform of distributions of exponential type and {Tauberian} theorems for shift-asympotics},
  year    = {2016},
  journal = {Filomat},
  pages   = {3047--3061},
  number  = {11},
  volume  = {30}
}

@article{BNO017,
  author  = {C. Bargetz and E. A. Nigsch and N. Ortner},
  title   = {Convolvability and regularization of distributions},
  journal = {Annali di Matematica Pura et Applicata},
  volume  = 196,
  pages   = {2239--2251},
  year    = 2017
}

@article{bar014,
  author  = {C. Bargetz},
  title   = {Commutativity of the {Valdivia-Vogt} table of representations of function spaces},
  journal = {Math.\,Nachr.},
  volume  = {287},
  number  = 1,
  pages   = {10--22},
  year    = 2014
}

@article{bar015a,
  author  = {C. Bargetz},
  title   = {Completing the {Valdivia-Vogt} tables of sequence-space representations of spaces of smooth functions and distributions},
  journal = {Monatsh.\,Math.},
  volume  = {177},
  pages   = {1--14},
  year    = 2015
}

@article{bar015b,
  author  = {C. Bargetz},
  journal = {J. Math. Anal. Appl.},
  title   = {Explicit representations of spaces of smooth functions and distributions},
  volume  = {424},
  year    = {2014},
  pages   = {1491--1505}
}

@article{BO014,
  author  = {C. Bargetz and N. Ortner},
  title   = {Characterization of {L. Schwartz'} convolutor and multiplier spaces {$\mathcal{O}^\prime_C$} and {$\mathcal{O}^\prime_M$} by the short-time {Fourier} transform},
  journal = {RACSAM},
  year    = {2014},
  volume  = 105,
  pages   = {833--847}
}

@article{BNO020,
  author  = {C. Bargetz and E. A. Nigsch and N. Ortner},
  title   = {A simpler description of the $ \kappa $-topologies on the spaces $ \mathscr{ D }_{ L^p } $, $ L^p $, $ \mathscr{ M }^1 $},
  year    = {2020},
  journal = {Math. Nachr.},
  pages   = {1--16}
}

@article{deb019,
  author  = {A. Debrouwere},
  title   = {Quasinormable {$ C_0 $}-Groups and Translation-Invariant {F}r\'{e}chet Spaces of Type {$ \mathcal{ D }_E $}},
  journal = {Results Math.},
  volume  = {74},
  number  = {4},
  year    = {2019},
  pages   = {1--17}
}

@article{DV021,
  title   = {Topological properties of convolutor spaces via the short-time Fourier transform},
  author  = {A. Debrouwere and J. Vindas},
  journal = {Trans. Amer. Math. Soc.},
  volume  = {374},
  number  = {2},
  pages   = {829--861},
  year    = {2021}
}

@article{BNO023,
  author  = {C. Bargetz and Eduard A. Nigsch and N. Ortner},
  title   = {Projective descriptions of spaces of functions and distributions},
  journal = {Math. Nachr},
  year    = {2023}
}

@article{BO018,
  author  = {C. Bargetz and N. Ortner},
  journal = {Monatsh. Math.},
  number  = {2},
  title   = {Kernel identities and vectorial regularisation},
  pages   = {201--214},
  volume  = {186},
  year    = {2018}
}

@book{geo015,
  author    = {Svetlin G. Georgiev},
  title     = {Theory of Distributions},
  publisher = {Springer},
  year      = 2015
}

@article{miy60,
  author  = {Ken-Ichi Miyazaki},
  journal = {J. Sci. Hiroshima Univ. Ser. A},
  number  = {3},
  title   = {Distinguished elements in a Space of Distributions},
  volume  = {24},
  year    = {1960},
  pages   = {527--533}
}

@book{tre67,
  author    = {F. Trèves},
  publisher = {Academic Press, New York-London},
  title     = {Topological Vector Spaces, Distributions and Kernels},
  year      = {1967}
}

@book{schw50,
  title     = {Th{\'e}orie des distributions. Tome I.},
  author    = {L. Schwartz},
  year      = {1950},
  publisher = {Hermann \& Cie, Paris}
}

@book{schw51,
  title     = {Th{\'e}orie des distributions. Tome II.},
  author    = {L. Schwartz},
  year      = {1951},
  publisher = {Hermann \& Cie, Paris}
}

@article{schw54,
  author  = {L. Schwartz},
  journal = {J. Anal. Math.},
  title   = {Espaces des fonctions diff{\'e}rentiables a valeurs vectorielles},
  volume  = {4},
  year    = {1954/55},
  pages   = {88--148}
}

@article{schw57,
  author  = {L. Schwartz},
  title   = {Th{\'e}orie des distributions {\`a} valeurs vectorielles {I}},
  pages   = {1--141},
  journal = {Ann. Inst. Fourier Grenoble},
  volume  = 7,
  year    = 1957
}

@book{schw66,
  title     = {Th{\'e}orie des distributions},
  author    = {L. Schwartz},
  year      = {1966},
  publisher = {Hermann, Paris}
}

@article{gro55,
  author  = {A. Grothendieck},
  journal = {Mem. Amer. Math. Soc.},
  title   = {Produits tensoriels topologique et espaces nucl{\'e}aires},
  volume  = {16},
  year    = {1955}
}

@book{hor66,
  author    = {J. Horv{\'a}th},
  title     = {Topological Vector Spaces and Distributions},
  publisher = {Addison-Wesley, Reading},
  year      = {1966}
}

@book{fri82,
  author    = {F. G. Friedlander},
  publisher = {Cambridge University Press},
  title     = {Introduction to the Theory of Distributions},
  year      = {1982}
}

@book{zem65,
  author    = {A. H. Zemanian},
  title     = {Distribution Theory and Transform Analysis},
  year      = 1965,
  publisher = {McGraw-Hill Book Company}
}

@book{GS64a,
  author    = {I. M. {Gel'fand} and G. E. Shilov},
  publisher = {Academic Press, New York, London},
  title     = {Generalized functions. Vol. 1: Properties and operations.},
  year      = {1964}
}

@book{GS68,
  author    = {I. M. {Gel'fand} and G. E. Shilov},
  publisher = {Academic Press, New York, London},
  title     = {Generalized functions. Vol. 2: Spaces of fundamental and generalized functions.},
  year      = {968}
}

@book{GS67,
  author    = {I. M. {Gel'fand} and G. E. Shilov},
  publisher = {Academic Press, New York, London},
  title     = {Generalized functions. Vol. 3: Theory of differential equations. },
  year      = {1967}
}

@book{GS64b,
  author    = {I. M. {Gel'fand} and G. E. Shilov},
  publisher = {Academic Press, New York, London},
  title     = {Generalized functions. Vol. 4: Applications of harmonic analysis.},
  year      = {1964}
}

@book{GS66,
  author    = {I. M. {Gel'fand} and G. E. Shilov},
  publisher = {Academic Press, New York, London},
  title     = {Generalized functions. Vol. 5: Integral geometry and representation theory.},
  year      = {1966}
}

@book{GS69,
  author    = {I. M. {Gel'fand} and G. E. Shilov},
  publisher = {Academic Press, New York, London},
  title     = {Generalized functions. Vol. 6. Representation theory and automorphic functions.},
  year      = {1969}
}

@book{fri63,
  author    = {A. Friedman},
  title     = {Generalized Functions and Partial Differential Equations},
  publisher = {Pren\-tice-Hall},
  year      = 1963
}

@book{OW013,
  author    = {N. Ortner and P. Wagner},
  title     = {Distribution-Valued Analytic Functions},
  publisher = {edition swk},
  year      = 2013
}

@book{OW015,
  author    = {N. Ortner and P. Wagner},
  title     = {Fundamental Solutions of Linear Partial Differential Operators},
  publisher = {Springer International Publishing},
  year      = 2015
}

@book{dij013,
  author    = {G. van Dijk},
  publisher = {De Gruyter, Berlin},
  series    = {De Gruyter Graduate Lectures},
  title     = {Distribution theory. Convolution, Fourier transform, and Laplace transform.},
  year      = {2013}
}

@article{DN020,
  author  = {A. Debrouwere and E. A. Nigsch},
  journal = {Rev. R. Acad. Cienc. Exactas Fís. Nat. Ser. A Mat. RACSAM},
  number  = {4},
  title   = {On the space of {Laplace} transformable distributions},
  volume  = {114},
  year    = {2020}
}

@book{pet83,
  author    = {B. E. Petersen},
  series    = {Monographs and Studies in Mathematics},
  volume    = {19},
  publisher = {Pitman (Advanced Publishing Program), Boston, MA},
  title     = {Introduction to the Fourier transform \& pseudodifferential operators},
  year      = {1983}
}

@incollection{die84,
  author    = {P. Dierolf},
  booktitle = {Functional Analysis: Surveys and Recent Results: III},
  title     = {Multiplication and convolution operators between spaces of distributions},
  pages     = {305--330},
  year      = 1984,
  series    = {North-Holland Mathematical Studies},
  volume    = {90},
  publisher = {North-Holland Publishing Co., Amsterdam}
}

@book{vla002,
  title     = {Methods of the theory of generalized functions},
  author    = {V. S. Vladimirov},
  year      = {2002},
  publisher = {CRC Press}
}

@article{DD83,
  title   = {Topological properties of the dual pair $ \ska{ \fsSmovan( \Om )' }{ \fsSmovan( \Om )'' } $},
  author  = {P. Dierolf and S. Dierolf},
  journal = {Pacific J. Math.},
  volume  = {108},
  number  = {1},
  pages   = {51--82},
  year    = {1983}
}

@article{sta95,
  author  = {B. Stankovi{\'c}},
  title   = {Structural Theorems for {S}-Bounded Distributions},
  journal = {Novi Sad J. Math.},
  year    = 1995,
  volume  = 25,
  number  = 2,
  pages   = {49-55}
}

@incollection{vog83,
  author    = {Vogt, D.},
  booktitle = {Functional analysis, holomorphy and approximation theory (Rio de Janeiro, 1979)},
  series    = {Lecture Notes in Pure and Appl. Math.},
  publisher = {Dekker, New York},
  title     = {Sequence space representations of spaces of test functions and distributions},
  year      = {1983},
  volume    = {83},
  pages     = {405--443}
}

@article{val81b,
  author  = {M. Valdivia},
  journal = {Math. Z.},
  number  = {4},
  title   = {A representation of the space $ \mathscr{O}_M $},
  volume  = {177},
  year    = {1981},
  pages   = {463--478}
}

@book{val82,
  author    = {M. Valdivia},
  title     = {Topics in Locally Convex Spaces},
  year      = 1982,
  series    = {North-Holland Mathematical Studies},
  volume    = {67},
  publisher = {North-Holland Publishing Co., Amsterdam}
}

@article{bar012,
  author  = {C. Bargetz},
  journal = {Arch. Math.},
  number  = {4},
  title   = {A sequence space representation of {L. Schwartz'} space $ \fsConvd $},
  volume  = {98},
  year    = {2012},
  pages   = {317--326}
}

@article{BDN021_pp,
  author  = {C. Bargetz and A. Debrouwere and E. A. Nigsch},
  journal = {Proc. Amer. Math. Soc.},
  title   = {Sequence space representations for spaces of smooth functions and distributions via {Wilson} bases},
  year    = {2022},
  volume  = {150},
  pages   = {3841--3852}
}

@article{DN022,
  author  = {A. Debrouwere and L. Neyt},
  journal = {J. Fourier Anal. Appl.},
  title   = {Sequence space representations for translation-modulation invariant function and distribution spaces},
  year    = {2022},
  volume  = {28},
  number  = {87}
}

@book{hoe000a,
  author    = {L. H{\"o}rmander},
  title     = {The Analysis of Linear Partial Differential Operators I},
  publisher = {Sprin\-ger-Ver\-lag, Berlin, Heidelberg, New York},
  year      = 2000
}

@book{hoe000b,
  author    = {L. H{\"o}rmander},
  title     = {The Analysis of Linear Partial Differential Operators II},
  publisher = {Sprin\-ger-Verl\-ag, Berlin, Heidelberg, New York},
  year      = 2000
}