@phdthesis{kra_diss016,
  author      = {S. Kranich},
  school      = {Technische Universität München},
  title       = {Continuity in Dynamic Geometry. An Algorithmic Approach},
  year        = {2016}
}

@phdthesis{val_diss014,
  author      = {M. Valíková},
  school      = {Comenius University in Bratislava},
  title       = {Complex function visualization using Riemann surfaces},
  year        = {2014}
}

@phdthesis{neu_diss016,
  author      = {C. Neurohr},
  school      = {Carl von Ossietzky Universität Oldenburg},
  title       = {Efficient integration on Riemann surfaces \& applications},
  year        = {2016}
}

@inproceedings{NPP10,
  author       = {Matthias Nieser and
                  Konstantin Poelke and
                  Konrad Polthier},
  editor       = {Bernard Mourrain and
                  Scott Schaefer and
                  Guoliang Xu},
  title        = {Automatic Generation of Riemann Surface Meshes},
  booktitle    = {Advances in Geometric Modeling and Processing, 6th International Conference,
                  {GMP} 2010, Castro Urdiales, Spain, June 16-18, 2010. Proceedings},
  series       = {Lecture Notes in Computer Science},
  volume       = {6130},
  pages        = {161--178},
  publisher    = {Springer},
  year         = {2010},
  url          = {https://doi.org/10.1007/978-3-642-13411-1\_11},
  doi          = {10.1007/978-3-642-13411-1\_11},
  timestamp    = {Tue, 14 May 2019 10:00:54 +0200},
  biburl       = {https://dblp.org/rec/conf/gmp/NieserPP10.bib},
  bibsource    = {dblp computer science bibliography, https://dblp.org}
}

@article{PP12,
  author       = {Konstantin Poelke and
                  Konrad Polthier},
  title        = {Domain Coloring of Complex Functions: An Implementation-Oriented Introduction},
  journal      = {{IEEE} Computer Graphics and Applications},
  volume       = {32},
  number       = {5},
  pages        = {90--97},
  year         = {2012},
  url          = {https://doi.org/10.1109/MCG.2012.100},
  doi          = {10.1109/MCG.2012.100},
  timestamp    = {Wed, 14 Nov 2018 10:45:21 +0100},
  biburl       = {https://dblp.org/rec/journals/cga/PoelkeP12.bib},
  bibsource    = {dblp computer science bibliography, https://dblp.org}
}