@book{SKM93,
  author    = {S.G. Samko and A.A. Kilbas and O.I. Marichev},
  title     = {Fractional Derivatives and Integrals: Theory and Applications},
  publisher = {Gordan and Breach},
  year      = {1993}
}

@article{min016,
  author  = {Svetlana Mincheva-Kaminska},
  title   = {Convolutional approach to fractional calculus for distributions of several variables},
  journal = {Fractional Calculus and Applied Analysis},
  pages   = {441--462},
  number  = {2},
  year    = {2016},
  volume  = {19}
}

@book{sam002,
  author    = {G. Samko},
  title     = {Hypersingular Integrals and Their Applications},
  publisher = {Taylor \& Francis, New York},
  year      = {2002}
}

@incollection{kwa019,
  author    = {M. Kwa{\'s}nicki},
  title     = {Fractional Laplace operator and its properties},
  booktitle = {Handbook of Fractional Calculus with Applications},
  volume    = {1},
  publisher = {De Gruyter},
  pages     = {159--193},
  year      = {2019}
}

@incollection{koc019a,
  author    = {A. N. Kochubei},
  title     = {General fractional calculus},
  booktitle = {Handbook of Fractional Calculus with Applications},
  year      = {2019},
  publisher = {DeGruyter, Berlin},
  volume    = {1}
}


@incollection{koc019b,
  author    = {A. N. Kochubei},
  title     = {Equations with general fractional time derivatives},
  booktitle = {Handbook of Fractional Calculus with Applications},
  year      = {2019},
  publisher = {DeGruyter, Berlin},
  volume    = {2}
}

@incollection{OVL019,
  author    = {M. D. Ortigueira and D. Valério and A. M. Lopes},
  title     = {Continuous-time fractional linear systems: steady-state responses},
  booktitle = {Handbook of Fractional Calculus with Applications},
  year      = {2019},
  publisher = {DeGruyter, Berlin},
  volume    = {6}
}

@incollection{KL019,
  author    = {A. N. Kochubei and Y. Luchko},
  title     = {Basic {FC} operators and their properties},
  booktitle = {Handbook of Fractional Calculus with Applications},
  year      = {2019},
  publisher = {DeGruyter, Berlin},
  volume    = {1}
}


@incollection{luc019,
  author    = {Y. Luchko},
  title     = {Operational method for fractional ordinary differential equations},
  booktitle = {Handbook of Fractional Calculus with Applications},
  year      = {2019},
  publisher = {DeGruyter, Berlin},
  volume    = {2}
}


@book{KL019a,
  editor    = {A. Kochubei and Y. Luchko},
  title     = {Handbook of Fractional Calculus with Applications},
  volume    = {1},
  year      = {2019},
  publisher = {DeGruyter, Berlin}
}

@book{KL019b,
  editor    = {A. Kochubei and Yuri Luchko},
  title     = {Handbook of Fractional Calculus with Applications},
  volume    = {2},
  year      = {2019},
  publisher = {DeGruyter, Berlin}
}


@article{kwa017,
  author  = {M. Kwa{\'s}nicki},
  title   = {Ten equivalent definitions of the fractional Laplace operator},
  journal = {Fract. Calc. Appl. Anal.},
  volume  = {20},
  number  = {1},
  year    = {2017},
  pages   = {7--51}
}

@incollection{hil008,
  author    = {R. Hilfer},
  title     = {Threefold Introduction to Fractional Derivatives},
  year      = {2008},
  booktitle = {Anomalous Transport: Foundations and Applications},
  publisher = {Wiley-VCH}
}

@book{hil000,
  author    = {R. Hilfer},
  title     = {Applications of Fractional Calculus in Physics},
  publisher = {World Scientific},
  year      = {2000}
}

@incollection{hil019a,
  author    = {R. Hilfer},
  title     = {Mathematical and physical interpretations of fractional derivatives and integrals},
  booktitle = {Handbook of Fractional Calculus. Volume 1 - Basic Theory},
  year      = {2019},
  pages     = {47--46},
  publisher = {De Gruyter}
}

@article{hil19b,
  title     = {Desiderata for fractional derivatives and integrals},
  author    = {Hilfer, R. and Luchko, Y.},
  journal   = {Mathematics},
  volume    = {7},
  number    = {2},
  pages     = {149},
  year      = {2019},
  publisher = {Multidisciplinary Digital Publishing Institute}
}

@article{hlt009,
  author  = {R. Hilfer and Y. Luchko and Z. Tomovski},
  title   = {Operational Method for the solution of fractional differential equations with generalized {Riemann-Liouville} fractional derivatives},
  journal = {Fractional Calculus and Applied Analysis},
  year    = {2009}
}

@article{hil019b,
  author  = {R. Hilfer},
  title   = {Excess wing physics and nearly constant loss in glasses},
  journal = {J. Stat. Mech.},
  year    = {2019}
}

@article{sil007,
  author  = {L. Silvestre},
  title   = {Regularity of the Obstacle Problem for a Fractional Power of the Laplace Operator},
  journal = {Comm. Pure and Appl. Math.},
  year    = {2006},
  volume  = {LX},
  number  = {1},
  pages   = {67--112}
}

@article{lam85,
  author  = {W. Lamb},
  title   = {A distributional theory of fractional calculus},
  journal = {Proc. Roy. Soc. Edinburgh},
  series  = {A},
  volume  = {99},
  number  = {3--4},
  pages   = {347--357},
  year    = {1985}
}

@article{hor78,
  author  = {J. Horvath},
  title   = {Composition of Hypersingular Integral Operators},
  journal = {Appl. Anal.},
  number  = {3},
  pages   = {171--190},
  volume  = {7},
  year    = {1978}
}

@article{mar27,
  author  = {A. Marchaud},
  journal = {J. Math. Pures et Appl.},
  number  = {1-4},
  title   = {Sur les derivees et sur les differences des fonctions de variables reelles},
  volume  = {38},
  pages   = {337--425},
  year    = {1927}
}

@book{pod99,
  author    = {I. Podlubny},
  publisher = {Academic Press, Inc. San Diego, CA},
  title     = {Fractional differential equations},
  year      = {1999}
}

@book{MR93,
  author    = {K. S. Miller and B. Ross},
  title     = {An Introduction to the fractional Calculus and fractional differential equations},
  publisher = {Wiley},
  year      = {1993}
}

@incollection{die019,
  author    = {K. Diethelm},
  title     = {General theory of {Caputo-type} fractional differential equations},
  booktitle = {Handbook of Fractional Calculus. Volume 2 - Basic Theory},
  year      = {2019},
  pages     = {1--20},
  publisher = {De Gruyter}
}

@book{OS74,
  author    = {K. B. Oldham and J. Spanier},
  publisher = {Academic Press, New York-London},
  title     = {Theory and applications of differentiation and integration to arbitrary order},
  year      = {1974}
}

@article{rie38,
  author  = {M. Riesz},
  journal = {Acta Sci. Math. Szeged},
  pages   = {1--42},
  title   = {Int{\'e}grales de {Riemann-Liouville} et potentiels},
  volume  = {9},
  year    = {1938}
}

@article{rie38_corr,
  author  = {M. Riesz},
  journal = {Acta Sci. Math. Szeged},
  pages   = {116--118},
  title   = {Rectification au travail ``Int{\'e}grales de {Riemann-Liouville} et potentiels''},
  volume  = {9},
  year    = {1938}
}

@article{let1868,
  author  = {A. V. Letnikov},
  journal = {Mat. Sb.},
  title   = {Theory of differentiation with arbitrary index},
  volume  = {3},
  year    = {1868},
  pages   = {85--112}
}

@article{gru1867,
  author  = {A. K. Grünwald},
  journal = {Z. angew. Math. und Phys.},
  title   = {Über ``begrenzte'' Derivationen und deren Anwendung},
  volume  = {12},
  year    = {1867},
  pages   = {441--880}
}

@book{KST006,
  author    = {A. A. Kilbas and H. M. Srivastava and J. J. Trujillo},
  title     = {Theory and Applications of Fractional Differential Equations},
  year      = {2006},
  publisher = {Elsevier Science B. V., Amsterdam},
  series    = {North-Holland Mathematics Studies},
  volume    = {204}
}

@inproceedings{mil75,
  author    = {K. S. Miller},
  title     = {The Weyl fractional calculus},
  booktitle = {Fractional calculus and its applications (Proc. Internat. Conf., Univ. New Haven, West Haven, Conn., 1974)},
  pages     = {80--89},
  publisher = {Springer, Berlin},
  series    = {Lecture Notes in Math.},
  year      = {1975},
  volume    = {457}
}

@article{HLT009,
  author  = {R. Hilfer and Y. Luchko and Z. Tomovski},
  title   = {Operational Method for the solution of fractional differential equations with generalized {Riemann-Liouville} fractional derivatives},
  journal = {Fractional Calculus and Applied Analysis},
  year    = 2009
}

@article{LG99,
  author  = {Y. Luchko and R. Gorenflo},
  title   = {An operational method for solving fractional differential equations with the {Caputo} derivatives},
  journal = {Acta Mathematica Vietnamica},
  volume  = 24,
  number  = 2,
  pages   = {207--233},
  year    = 1999
}

@article{DN68,
  author  = {M. M. Dzherbashian and A. B. Nersessian},
  title   = {Fractional derivatives and Cauchy problem for differential equations of fractional order},
  journal = {Izv. AN Armenian SSR},
  series  = {Ser. Math.},
  volume  = {3},
  number  = {1},
  year    = {1968},
  pages   = {3--29},
  note    = {(In Russian)}
}


@article{DN020,
  author  = {Dzherbashian, M. M. and Nersessian, A. B.},
  title   = {Fractional derivatives and Cauchy problem for differential equations of fractional order},
  year    = {2020},
  journal = {Fractional Calculus and Applied Analysis},
  volume  = {23},
  number  = {6},
  pages   = {1810--1836},
  note    = {translation into English}
}