@book{AB003,
  author    = {C. D. Aliprantis and O. Burkinshaw},
  title     = {Locally Solid Riesz Spaces},
  series    = {Mathematical Surveys and Monographs},
  volume    = {105},
  publisher = {American Mathematical Society, Providence, RI},
  year      = {2003}
}

@book{SW99,
  author    = {H. H. Schaeffer and M. P. Wolff},
  title     = {Topological Vector Spaces},
  publisher = {Springer},
  year      = 1999
}

@book{per67,
  author    = {A. L. Peressini},
  title     = {Ordered topological vector spaces},
  publisher = {Harper \& Row, Publishers, New York-Lon\-don},
  year      = {1967}
}

@book{pie72,
  author    = {A. Pietsch},
  title     = {Nuclear Locally Convex Spaces},
  publisher = {Springer},
  year      = {1972},
  series    = {Ergebnisse der Mathematik und ihrer Grenzgebiete},
  volume    = {66},
  publisher = {Sprin\-ger-Ver\-lag, New York-Hei\-del\-berg}
}

@book{jar81,
  author    = {H. Jarchow},
  series    = {Mathematische Leitfäden},
  title     = {Locally Convex Spaces},
  publisher = {B. G. Teubner Stuttgart},
  year      = {1981}
}

@book{AK016,
  author    = {F. Alibiac and N. J. Kalton},
  title     = {Topics in Banach Space Theory},
  series    = {Graduated Texts in Mathematics},
  publisher = {Springer International Publishing Switzerland},
  volume    = {233},
  year      = {2016}
}

@book{DS60,
  author    = {N. Dunford and J. T. Schwartz},
  title     = {Linear Operators, Part I: General Theory},
  publisher = {Interscience Publishers, Inc., New York},
  year      = {1960},
  volume    = {VII}
}

@book{koe69,
  author    = {G. Koethe},
  title     = {Topological Vector Spaces I},
  series    = {Die Grundlehren der mathematischen Wissenschaften in Einzeldarstellungen},
  volume    = {159},
  publisher = {Sprin\-ger-Ver\-lag, New York},
  year      = {1969}
}

@book{koe79,
  author    = {G. Koethe},
  title     = {Topological Vector Spaces II},
  series    = {Die Grundlehren der mathematischen Wissenschaften in Einzeldarstellungen},
  volume    = {237},
  publisher = {Sprin\-ger-Ver\-lag, New York-Berlin},
  year      = {1979}
}

@book{wer011,
  author    = {D. Werner},
  title     = {Funktionalanalysis, 7. Auflage},
  publisher = {Sprin\-ger-Ver\-lag, Berlin-Heidelberg},
  year      = {2011}
}

@book{gro73,
  author    = {A. Grothendieck},
  title     = {Topological Vector Spaces},
  publisher = {Gordon and Breach, Science Publishers},
  year      = {1973}
}

@book{BD72,
  author    = {C. A. Berenstein and M. A. Dostal},
  series    = {Lecture Notes in Mathematics},
  publisher = {Sprin\-ger-Ver\-lag, Berlin-Heidelberg-New York},
  title     = {Analytically Uniform Spaces and their Applications to Convolution Equations},
  year      = {1972}
}

@book{MV011_3,
  author    = {R. Meise and D. Vogt},
  publisher = {Springer},
  title     = {Einf{\"u}hrung in die Funktionalanalysis, Kapitel III},
  year      = {2011}
}

@book{kab018,
  author    = {W. Kaballo},
  publisher = {Springer Spektrum},
  title     = {Grundkurs Funktionalanalysis},
  year      = {2018}
}

@book{kab014,
  author    = {W. Kaballo},
  publisher = {Springer Spektrum},
  title     = {Aufbaukurs Funktionalanalysis und Operatortheorie},
  year      = {2014}
}

@book{hog77,
  author    = {H. Hogbe-Nlend},
  publisher = {North-Holland Publishing Co., Amsterdam, New York, Oxford},
  title     = {Bornologies and Functional Analysis},
  series    = {North-Holland Mathematical Studies},
  volume    = {26},
  year      = {1977}
}

@book{wil78,
  author    = {A. Wilansky},
  title     = {Modern Methods in Topological Vector Spaces},
  publisher = {McGraw-Hill International Book Co., New York},
  year      = {1978}
}

@book{rud91,
  author    = {W. Rudin},
  publisher = {McGraw Hill, Inc.},
  title     = {Functional Analysis},
  year      = {1991}
}

@book{mar77,
  author    = {J. T. Marti},
  publisher = {Birkhäuser, Basel-Stuttgart},
  series    = {Lehrbücher und Monographien aus dem Gebiete der Exakten Wissenschaften, Mathematische Reihe},
  title     = {Konvexe Analysis},
  year      = {1977},
  volume    = {54}
}

@book{CB87,
  author    = {P. P. Carreras and J. Bonet},
  series    = {North-Holland Mathematics Studies},
  volume    = {131},
  publisher = {North-Holland Publishing Co., Amsterdam},
  title     = {Barrelled locally convex spaces},
  year      = {1987}
}

@book{tri97,
  author    = {H. Triebel},
  publisher = {Johann Ambrosius Barth},
  title     = {Higher Analysis},
  year      = {1997}
}

@book{lar71,
  author    = {R. Larsen},
  title     = {An Introduction to the Theory of Multipliers},
  publisher = {Sprin\-ger-Ver\-lag, New York-Hei\-del\-berg},
  series    = {Die Grundlehren der mathematischen Wissenschaften},
  volume    = {175},
  year      = 1971
}

@book{schw93,
  author    = {L. Schwartz},
  title     = {Analyse IV: Applications \`{a} la th\'{e}orie de la mesure},
  publisher = {Paris: Hermann},
  year      = 1993
}

@article{fre93,
  author  = {L. Frerick},
  title   = {On complete, precompact and compact sets},
  journal = {Collect. Math.},
  volume  = {44},
  number  = {1--3},
  year    = {1993},
  pages   = {105--114}
}

@article{DP40,
  author  = {N. Dunford and B. J. Pettis},
  title   = {Linear Operators and Summable Functions},
  journal = {Trans. Amer. Math. Soc.},
  volume  = {47},
  number  = {3},
  pages   = {323--392},
  year    = {1940}
}

@article{CO86,
  author  = {B. Cascales and J. Orihuela},
  journal = {Proceedings of the Royal Society of Edinburgh},
  title   = {Metrizability of precompact subsets in $(LF)$-spaces},
  volume  = {103A},
  year    = {1986}
}

@article{CO87,
  author  = {B. Cascales and J. Orihuela},
  journal = {Mathematische Zeitschrift},
  title   = {On Compactness in Locally Convex Spaces},
  volume  = {195},
  year    = {1987},
  pages   = {365-381}
}