@book{AB003,
  author    = {C. D. Aliprantis and O. Burkinshaw},
  title     = {Locally Solid Riesz Spaces},
  series    = {Mathematical Surveys and Monographs},
  volume    = {105},
  publisher = {AMS},
  year      = {2003}
}

@book{SW99,
  author    = {H. H. Schaeffer and M. P. Wolff},
  title     = {Topological Vector Spaces},
  publisher = {Springer},
  year      = 1999
}

@book{per67,
  author    = {A. L. Peressini},
  title     = {Ordered topological vector spaces},
  publisher = {Harper \& Row, New York},
  year      = 1967
}

@book{jar81,
  author    = {H. Jarchow},
  series    = {Mathematische Leitfäden},
  title     = {Locally Convex Spaces},
  publisher = {B. G. Teubner Stuttgart},
  year      = {1981}
}

@book{DS60,
  author    = {N. Dunford and J. T. Schwartz},
  title     = {Linear Operators, Part I: General Theory},
  publisher = {Interscience Publishers, Inc., New York},
  year      = {1960},
  volume    = {VII}
}

@book{koe69,
  author    = {G. Koethe},
  title     = {Topological Vector Spaces I},
  series    = {Die Grundlehren der mathematischen Wissenschaften in Einzeldarstellungen},
  volume    = {159},
  publisher = {Sprin\-ger-Ver\-lag, New York},
  year      = {1969}
}

@book{koe79,
  author    = {G. Koethe},
  title     = {Topological Vector Spaces II},
  series    = {Die Grundlehren der mathematischen Wissenschaften in Einzeldarstellungen},
  volume    = {237},
  publisher = {Sprin\-ger-Ver\-lag, New York-Berlin},
  year      = {1979}
}

@book{wer011,
  author    = {D. Werner},
  title     = {Funktionalanalysis},
  publisher = {Sprin\-ger-Ver\-lag, Berlin-Heidelberg},
  year      = {2011}
}

@book{gro73,
  author    = {A. Grothendieck},
  title     = {Topological Vector Spaces},
  publisher = {Gordon and Breach, Science Publishers},
  year      = {1973}
}

@book{MV011,
  author    = {R. Meise and D. Vogt},
  publisher = {Springer},
  title     = {Einf{\"u}hrung in die Funktionalanalysis},
  year      = {2011}
}

@book{MV011_3,
  author    = {R. Meise and D. Vogt},
  publisher = {Springer},
  title     = {Einf{\"u}hrung in die Funktionalanalysis, Kapitel III},
  year      = {2011}
}

@book{kab018,
  author    = {W. Kaballo},
  publisher = {Springer Spektrum},
  title     = {Grundkurs Funktionalanalysis},
  year      = {2018}
}

@book{kab014,
  author    = {W. Kaballo},
  publisher = {Springer Spektrum},
  title     = {Aufbaukurs Funktionalanalysis und Operatortheorie},
  year      = {2014}
}

@book{hog77,
  author    = {H. Hogbe-Nlend},
  publisher = {North-Holland Publishing Company - Amsterdam, New York, Oxford},
  title     = {Bornologies and Functional Analysis},
  series    = {Mathematical Studies},
  year      = {1977}
}

@book{wil78,
  author    = {A. Wilansky},
  title     = {Modern Methods in Topological Vector Spaces},
  publisher = {McGraw-Hill International Book Co., New York},
  year      = {1978}
}

@book{rud91,
  author    = {W. Rudin},
  publisher = {McGraw Hill, Inc.},
  title     = {Functional Analysis},
  year      = {1991}
}

@book{mar77,
  author    = {J. T. Marti},
  publisher = {Birkhäuser, Basel-Stuttgart},
  series    = {Lehrbücher und Monographien aus dem Gebiete der Exakten Wissenschaften, Mathematische Reihe},
  title     = {Konvexe Analysis},
  year      = {1977},
  volume    = {54}
}

@book{tri97,
  author    = {H. Triebel},
  publisher = {Johann Ambrosius Barth},
  title     = {Higher Analysis},
  year      = {1997}
}