@article{SSC019,
  author       = {N. Sharp and Y. Soliman and K. Crane},
  title        = {The Vector Heat Method},
  journal      = {{ACM} Trans. Graph.},
  volume       = {38},
  number       = {3},
  pages        = {24:1--24:19},
  year         = {2019},
  url          = {https://doi.org/10.1145/3243651},
  doi          = {10.1145/3243651},
  timestamp    = {Sat, 19 Aug 2023 18:09:47 +0200},
  biburl       = {https://dblp.org/rec/journals/tog/SharpSC19.bib},
  bibsource    = {dblp computer science bibliography, https://dblp.org}
}

@article{CWW017,
  author       = {K. Crane and
                  C. Weischedel and
                  M. Wardetzky},
  title        = {The heat method for distance computation},
  journal      = {Commun. {ACM}},
  volume       = {60},
  number       = {11},
  pages        = {90--99},
  year         = {2017},
  url          = {https://doi.org/10.1145/3131280},
  doi          = {10.1145/3131280},
  timestamp    = {Tue, 06 Nov 2018 12:51:36 +0100},
  biburl       = {https://dblp.org/rec/journals/cacm/CraneWW17.bib},
  bibsource    = {dblp computer science bibliography, https://dblp.org}
}

@article{CWW013,
  author       = {K. Crane and C. Weischedel and M. Wardetzky},
  title        = {Geodesics in heat: {A} new approach to computing distance based on
                  heat flow},
  journal      = {{ACM} Trans. Graph.},
  volume       = {32},
  number       = {5},
  pages        = {152:1--152:11},
  year         = {2013},
  url          = {https://doi.org/10.1145/2516971.2516977},
  doi          = {10.1145/2516971.2516977},
  timestamp    = {Tue, 06 Nov 2018 12:51:26 +0100},
  biburl       = {https://dblp.org/rec/journals/tog/CraneWW13.bib},
  bibsource    = {dblp computer science bibliography, https://dblp.org}
}

@article{SC020,
  author       = {N. Sharp and K. Crane},
  title        = {You can find geodesic paths in triangle meshes by just flipping edges},
  journal      = {{ACM} Trans. Graph.},
  volume       = {39},
  number       = {6},
  pages        = {249:1--249:15},
  year         = {2020},
  url          = {https://doi.org/10.1145/3414685.3417839},
  doi          = {10.1145/3414685.3417839},
  timestamp    = {Mon, 07 Dec 2020 14:04:06 +0100},
  biburl       = {https://dblp.org/rec/journals/tog/SharpC20.bib},
  bibsource    = {dblp computer science bibliography, https://dblp.org}
}

@article{CLPQ020,
  author       = {K. Crane and M. Livesu and E. Puppo and Y. Qin},
  title        = {A Survey of Algorithms for Geodesic Paths and Distances},
  journal      = {CoRR},
  volume       = {abs/2007.10430},
  year         = {2020},
  url          = {https://arxiv.org/abs/2007.10430},
  eprinttype    = {arXiv},
  eprint       = {2007.10430},
  timestamp    = {Tue, 28 Jul 2020 14:46:12 +0200},
  biburl       = {https://dblp.org/rec/journals/corr/abs-2007-10430.bib},
  bibsource    = {dblp computer science bibliography, https://dblp.org}
}