@article{hil95,
  author  = {R. Hilfer},
  journal = {Fractals},
  number  = {3},
  title   = {Foundations of fractional dynamics},
  volume  = {3},
  year    = {1995},
  pages   = {549--556}
}

@incollection{hil011,
  author    = {R. Hilfer},
  editor    = {J. Klafter and S. Lim and R. Metzler},
  pages     = {207--223},
  publisher = {World Scientific, Singapore},
  title     = {Foundations of Fractional Dynamics: A Short Account},
  booktitle = {Fractional Dynamics: Recent Advances},
  year      = {2011}
}

@article{hil002a,
  author  = {R. Hilfer},
  title   = {Experimental evidence for fractional time evolution in glass forming materials},
  journal = {Chemical Physics},
  volume  = {284},
  pages   = {399--408},
  year    = {2002}
}

@article{hil002b,
  author  = {R. Hilfer},
  title   = {Fitting the excess wing in the dielectric $\alpha$-relaxation of propylene carbonate},
  journal = {J. Phys.: Condens. Matter},
  volume  = {14},
  pages   = {2297--2301},
  year    = {2002}
}

@incollection{hil000b,
  author    = {R. Hilfer},
  booktitle = {Applications of fractional calculus in physics},
  editor    = {R. Hilfer},
  pages     = {209--227},
  publisher = {World Sci. Publ. River Edge, NJ},
  title     = {Fractional time evolution},
  year      = {2000}
}

@article{hil019b,
  author  = {R. Hilfer},
  title   = {Excess wing physics and nearly constant loss in glasses},
  journal = {J. Stat. Mech.},
  year    = {2019}
}