@book{bou004a,
  author    = {N. Bourbaki},
  title     = {Integration I - Chapters 1-6},
  publisher = {Sprin\-ger-Ver\-lag, Berlin},
  year      = 2004
}

@book{bou004b,
  author    = {N. Bourbaki},
  title     = {Integration II - Chapters 7-9},
  publisher = {Sprin\-ger-Ver\-lag, Berlin},
  year      = 2004
}

@book{god015d,
  author    = {R. Godement},
  title     = {Analysis IV},
  publisher = {Universitext},
  year      = 2015
}

@book{els011,
  author    = {J. Elstrodt},
  title     = {Ma√ü- und Integrationstheorie, 7. Auflage},
  publisher = {Sprin\-ger-Ver\-lag, Berlin-Heidelberg},
  year      = {2011}
}