@article{KT34,
  author  = {G. Köthe and O. Toeplitz},
  title   = {Lineare Räume mit unendlichvielen Koordinaten und Ringe unendlicher Matrizen},
  journal = {Jour. reine angew. Math.},
  volume  = {171},
  pages   = {193--226},
  year    = 1934
}

@article{cac67b,
  author  = {N. Phuong-C{\'a}c},
  title   = {Sur les Espaces Parfaits de Suites G{\'e}n{\'e}ralis{\'e}s},
  journal = {Math. Annalen},
  volume  = {171},
  pages   = {131--143},
  year    = 1967
}

@article{cac67a,
  author  = {N. Phuong-C{\'a}c},
  title   = {On Some Spaces of Vector Valued Sequences},
  journal = {Math. Zeitschr.},
  volume  = {95},
  pages   = {242--250},
  year    = {1967}
}

@article{ros73,
  author  = {R. C. Rosier},
  title   = {Dual Spaces of Certain Vector Sequence Spaces},
  journal = {Pacific Jour. Math.},
  volume  = {46},
  number  = {2},
  pages   = {487--501},
  year    = {1973}
}

@article{pie63,
  author  = {A. Pietsch},
  title   = {Verallgemeinerte vollkommene Folgenräume},
  journal = {Studia Math.},
  volume  = {1},
  year    = {1963},
  pages   = {89--91}
}

@inproceedings{pie62,
  author    = {A. Pietsch},
  title     = {Verallgemeinerte vollkommene Folgenräume},
  booktitle = {Schriftenreihe Inst. Math. Deutsch. Akad. Wiss. Berlin},
  volume    = {12},
  publisher = {Akademie-Verlag, Berlin},
  pages     = {101 pp.},
  year      = {1962}
}

@book{KG81,
  author    = {P. K. Kamthan and M. Gupta},
  title     = {Sequence Spaces and Series},
  publisher = {Marcel Dekker Inc., New York and Basel},
  volume    = {65},
  series    = {Lecture Notes in Pure and Applied Mathematics},
  year      = {1981}
}

@book{ruc81,
  author    = {W. H. Ruckle},
  title     = {Sequence Spaces},
  publisher = {Pitman (Advanced Publishing Program), Boston, Mass.-London},
  series    = {Research Notes in Mathematics},
  volume    = {49},
  year      = {1981}
}