@misc{hyperbolica,
  url = {https://store.steampowered.com/app/1256230/Hyperbolica/},
}

@misc{hyperrogue,
  url = {https://store.steampowered.com/app/342610/HyperRogue/},
}