@book{ern82,
  author    = {M. Erné},
  title     = {Einführung in die Ordnungstheorie},
  publisher = {Bibliographisches Institut, Mannheim},
  year      = {1982}
}

@book{gan013,
  author    = {B. Ganter},
  title     = {Diskrete Mathematik: geordnete Mengen},
  publisher = {Springer Spektrum},
  year      = {2013}
}

@article{AHS006,
  author   = {J. Ad\'{a}mek and H. Herrlich and  G. E. Strecker},
  title    = {Abstract and concrete categories: the joy of cats},
  note     = {Reprint of the 1990 original [Wiley, New York; MR1051419]},
  journal  = {Repr. Theory Appl. Categ.},
  fjournal = {Reprints in Theory and Applications of Categories},
  number   = {17},
  year     = {2006},
  pages    = {1--507}
}