@book{SSV012,
  author         = {R. Schilling and R. Song and Z. Vondracek},
  publisher      = {De Gruyter - Berlin, Boston},
  title          = {Bernstein Functions: Theory and Applications},
  year           = {2012}
}