@book{ros90,
  author    = {K. I. Rosenthal},
  title     = {Quantales and their Applications},
  publisher = {Longman Scientific and Technical},
  year      = 1990
}

@article{rus010,
  author  = {Russo, C.},
  journal = {J. Logic Comput.},
  title   = {Quantale modules and their operators, with applications},
  volume  = 20,
  year    = 2010,
  number  = 4,
  pages   = {917--946}
}