@article{RBG025,
  author = {M. Ryckebusch and A. Bouhamidi and Pierre-Louis Giscard},
  journal = {J. Math. Anal. Appl.},
  number = {1},
  title = {A Fréchet Lie group on distributions},
  volume = {546},
  year = {2025}
}

@phdthesis{ryc025,
  author = {M. Ryckebusch},
  school = {Université du Littoral Côte d’Opale},
  title = {The $\star$-product - A bridge between graphs and differential calculus},
  year = {2025}
}