@article{mor66,
  author  = {J. J. Moreau},
  title   = {Fonctionelles convexes.},
  journal = {S{\'e}minaire Jean Leray. Sur les {\'e}quations aux d{\'e}riv{\'e}es partielles},
  volume  = 2,
  pages   = {1--108},
  year    = {1966/67}
}

@book{RW009,
  author    = {H. Rockafellar and R. Wets},
  title     = {Variational Analysis, \emph{Grundlehren der mathematischen Wissenschaften} vol. 317},
  publisher = {Springer, Berlin},
  year      = 2009
}