@article{JS007,
  author          = {P. Joshi and C. SÃ©quin},
  journal         = {Computer-Aided Design \& Applications},
  number          = {5},
  title           = {Energy Minimizers for Curvature-Based Surface Functionals},
  volume          = {4},
  year            = {2007}
}

@article{YBSC021,
  author       = {C. Yu and
                  C. Brakensiek and
                  H. Schumacher and
                  K. Crane},
  title        = {Repulsive surfaces},
  journal      = {{ACM} Trans. Graph.},
  volume       = {40},
  number       = {6},
  pages        = {268:1--268:19},
  year         = {2021},
  url          = {https://doi.org/10.1145/3478513.3480521},
  doi          = {10.1145/3478513.3480521},
  timestamp    = {Sun, 23 Jan 2022 17:17:47 +0100},
  biburl       = {https://dblp.org/rec/journals/tog/YuBSC21.bib},
  bibsource    = {dblp computer science bibliography, https://dblp.org}
}