@mastersthesis{kle016,
  keywords = {own},
  author   = {T. Kleiner},
  school   = {Universität Stuttgart},
  title    = {Lokalkonvexe Funktionenräume und fraktionale Weyl-Ableitungen},
  year     = {2016}
}

@article{KH019,
  keywords = {own},
  author   = {T. Kleiner and R. Hilfer},
  journal  = {Fract. Calc. Appl. Anal.},
  number   = {5},
  title    = {{Weyl} integrals on weighted spaces},
  volume   = {22},
  year     = {2019},
  pages    = {1225--1248}
}

@article{KH020,
  keywords = {own},
  author   = {T. Kleiner and R. Hilfer},
  journal  = {Ann. Mat. Pura Appl.},
  number   = {4},
  title    = {Convolution operators on weighted spaces of continuous functions and supremal convolution},
  volume   = {199},
  year     = {2020},
  pages    = {1547--1569}
}

@article{HK020,
  keywords       = {own},
  author         = {R. Hilfer and T. Kleiner},
  journal        = {Mathematics},
  number         = {7},
  title          = {Maximal Domains for Fractional Derivatives and Integrals},
  volume         = {8},
  year           = {2020},
  article-number = {1107}
}

@article{KH021,
  keywords = {own},
  author   = {T. Kleiner and R. Hilfer},
  journal  = {Anal. Math. Phys.},
  number   = {3},
  title    = {Fractional glassy relaxation and convolution modules of distributions},
  volume   = {11},
  year     = {2021}
}

@article{KH022a,
  keywords = {own},
  author   = {T. Kleiner and R. Hilfer},
  journal  = {Monatsh. für Math.},
  title    = {On extremal domains and codomains for convolution of distributions and fractional calculus},
  pages    = {121--152},
  volume   = {198},
  year     = {2022}
}

@article{KH022b,
  keywords = {own},
  author   = {T. Kleiner and R. Hilfer},
  journal  = {Fract. Calc. Appl. Anal.},
  title    = {Sequential generalized {Riemann}-{Liouville} derivatives based on distributional convolution},
  volume   = {25},
  year     = {2022},
  pages    = {267--298}
}

@article{KH023,
  keywords = {own},
  author   = {T. Kleiner and R. Hilfer},
  journal  = {Math. Nachr.},
  title    = {Convolution on Distribution Spaces Characterized by Regularization},
  year     = {2023}
}

@phdthesis{kle022,
  keywords = {own},
  author   = {T. Kleiner},
  school   = {Universität Stuttgart},
  title    = {Faltung und Distributionenräume},
  year     = {2022},
  note     = {Entwurf von Anfang Juni}
}