@book{jam90,
  author    = {I. M. James},
  title     = {Introduction to Uniform Spaces},
  volume    = {144},
  series    = {London Mathematical Society Lecture Notes Series},
  publisher = {Cambridge University Press},
  year      = {1990}
}