@book{nac65a,
  author    = {L. Nachbin},
  title     = {Elements of Approximation Theory},
  publisher = {Institute de Matematica Pura e Aplicada de Consello Nacional de Pesquises, Rio de Janeiro},
  year      = {1965}
}

@article{BMS82,
  author  = {K. D. Bierstedt and R. Meise and W. H. Summers},
  journal = {Trans. Amer. Math. Soc.},
  number  = {1},
  title   = {A projective description of weighted inductive limits},
  volume  = {272},
  year    = {1982},
  pages   = {107--160}
}

@article{sum70,
  author  = {W. Summers},
  title   = {Dual Spaces of Weighted Spaces},
  journal = {Trans. Amer. Math. Soc.},
  pages   = {323--333},
  volume  = {151},
  year    = {1970}
}