@mastersthesis{kle016,
  author = {T. Kleiner},
  title  = {Lokalkonvexe Funktionenr{\"a}ume und fraktionale Weyl-Ableitungen},
  school = {Universit{\"a}t Stuttgart},
  year   = 2016
}

@article{NT015,
  author  = {E. Nursaltanov and S. Tikhonov},
  title   = {Weighted Norm Inequalities for Convolution and Riesz Potential},
  journal = {Potential Analysis},
  year    = 2015,
  volume  = 42,
  pages   = {435-456}
}

@article{tor014,
  author  = {A. Torchinsky},
  title   = {Weighted Local Estimates for Fractional Type Operators},
  journal = {Potential Analysis},
  year    = 2014,
  volume  = {41},
  pages   = {869-885}
}

@article{wag014,
  author  = {P. Wagner},
  title   = {On convolution in weighted $\mathcal{D}'_{L^p}$-spaces},
  journal = {mathematische Nachrichten},
  volume  = 287,
  pages   = {472-477},
  year    = 2014
}

@article{ped013,
  author  = {T. Pedersen},
  title   = {Compactness and weak-star continuity of derivations on weighted convolution algebras},
  journal = {J. Math. Anal. Appl.},
  volume  = 397,
  pages   = {402-414},
  year    = 2013
}

@article{LS012,
  author  = {H. Lee and E. Samei},
  title   = {Beurling-Fourier algebras, operator amenability and Arens regularity},
  journal = {Journal of Functional Analysis},
  volume  = 262,
  pages   = {167-209},
  year    = 2012
}

@article{AM011,
  author  = {I. Akbarbaglu and S. Maghsoudi},
  title   = {On the Generalized Weighted Lebesgue spaces of Locally Compact Groups},
  journal = {Abstract and Applied Analysis},
  year    = 2011
}

@article{abt011,
  author = {F. Abtahi},
  title  = {Lebesgue Weighted $L^p$-algebra on locally compact groups},
  pages  = {324-331},
  year   = 2011
}

@article{LMPT010,
  author  = {M. T. Lacey and K. Moen and C. Perez and R. H. Torres},
  title   = {Sharp Weighted Bounds for Fractional Integral Operators},
  journal = {Journal of Functional Analysis},
  year    = 2010,
  volume  = {259},
  pages   = {1073-1095}
}

@article{bec010,
  author  = {W. Beckner},
  title   = {Pitt's inequality with sharp convolution estimates},
  year    = 2008,
  volume  = 136,
  number  = 5,
  pages   = {1871-1885}
}

@article{iwa010,
  author  = {T. Iwabuchi},
  title   = {Navier-Stokes equations and nonlinear heat equations in modulation spaces with negative derivative indices},
  journal = {Journal of Differential Equations},
  year    = 2010,
  volume  = 248,
  pages   = {1972-2002}
}

@article{ANR010,
  author  = {F. Abtahi and R. Nasr-Isfahani and A. Rejali},
  title   = {Weighted $L^p$-conjecture for locally compact groups},
  journal = {Periodica Mathematica Hungaria},
  pages   = {1-11},
  volume  = {60},
  year    = 2010
}

@article{BS010,
  author  = {A. Biswas and D. Swanson},
  title   = {{Navier-Stokes} Equations and Weighted Convolution Inequalities in Groups},
  journal = {Communications in Partial Differential Equations},
  volume  = 35,
  number  = 4,
  pages   = {559-589},
  year    = 2010
}

@book{RW009,
  author    = {H. Rockafellar and R. Wets},
  title     = {Variational Analysis, \emph{Grundlehren der mathematischen Wissenschaften} vol. 317},
  publisher = {Springer, Berlin},
  year      = 2009
}

@article{AAG008,
  author  = {E. Abakumov and A. Atzmon and S. Grivaux},
  title   = {Cyclicity of bicyclic operators and completeness of translates.},
  journal = {Math. Ann.},
  volume  = {341},
  pages   = {293-322},
  year    = 2008
}

@article{elk007,
  author  = {A. El Kinani},
  title   = {On generalized Beurling algebras},
  journal = {Bendiconti del Matematico di Palermo},
  volume  = {LVI},
  pages   = {369-386},
  year    = 2007
}

@article{gro007,
  author    = {K. Gr{\"o}chenig},
  title     = {weight functions in time-frequency analysis.},
  publisher = {Springer Verlag},
  year      = 2007
}

@article{JS006,
  author  = {N. Jacob and R. Schilling},
  title   = {Towards an $L^p$-potential theory for Sub-Markovian Semigroups: Kernels and Capacities},
  journal = {Acta Mathematica Sinica, English Series},
  pages   = {1227-1250},
  volume  = {22},
  number  = {4},
  year    = 2006
}

@article{kuz007,
  author  = {Yu. Kuznetsova},
  title   = {Invariant Weighted Algebras $L^w_p(G)$},
  journal = {Matematicheskie Zametki},
  volume  = 84,
  number  = 4,
  pages   = {567-576},
  year    = 2007
}

@article{BW005,
  author  = {B. Burgeth and J. Weickert},
  title   = {An Explanation for the Logarithmic Connection between Linear and Morphological System Theory},
  journal = {International Journal of Computer Vision},
  year    = 2005,
  pages   = {157-169},
  volume  = 64,
  number  = 2
}

@article{zae004,
  author  = {N. ZÃ¤hle},
  title   = {Riesz Potentials and Liouville Operators on Fractals},
  journal = {Potential Analysis},
  pages   = {193-208},
  volume  = {21},
  year    = 2004
}

@article{HJ004,
  author  = {W. Hoh and N. Jacob},
  title   = {Towards an $L^p$-potential theory for sub-Markovian semigroups: variational inequalities and balayage theory},
  journal = {Journal of Evolution Equations},
  pages   = {297-312},
  volume  = {4},
  year    = 2004
}

@book{BOU004a,
  author    = {N. Bourbaki},
  title     = {Integration I - Chapters 1-6},
  publisher = {Sprin\-ger-Ver\-lag, Berlin},
  year      = 2004
}

@book{BOU004b,
  author    = {N. Bourbaki},
  title     = {Integration II - Chapters 7-9},
  publisher = {Sprin\-ger-Ver\-lag, Berlin},
  year      = 2004
}

@book{DP002,
  author    = {B. Davey and H. Priestley},
  title     = {Introduction to Lattices and Order, 2 edn.},
  publisher = {Cambridge University Press, Cambridge},
  year      = 2002
}

@book{RS000b,
  author    = {H. Reiter and Stegeman},
  title     = {Classical Harmonic Analysis on Locally Compact Groups},
  publisher = {Claredon Press, Oxford},
  year      = 2000
}

@book{hoe000a,
  author    = {L. H{\"o}rmander},
  title     = {The Analysis of Linear Partial Differential Operators I},
  publisher = {Sprin\-ger-Ver\-lag Berlin Heidelberg New York},
  year      = 2000
}

@book{hoe000b,
  author    = {L. H{\"o}rmander},
  title     = {The Analysis of Linear Partial Differential Operators II},
  publisher = {Sprin\-ger-Ver\-lag Berlin Heidelberg New York},
  year      = 2000
}

@book{hil98e,
  author    = {R. Hilfer},
  title     = {Applications of Fractional Calculus in Physics.},
  publisher = {World Scientific Publ.~Co., Singapore},
  year      = 2000
}

@book{fed96,
  author    = {H. Federer},
  title     = {Geometric Measure Theory},
  publisher = {Springer, Berlin},
  year      = {1969}
}

@book{mat95,
  author    = {P. Mattila},
  title     = {Geometry of Sets and Measures in Euclidean Spaces.},
  publisher = {Cambridge University Press, Cambridge},
  year      = 1995
}

@article{maz91,
  author  = {M. Mazure},
  title   = {Equations de convolution et formes quadratiques},
  journal = {Annali di Matematica pura ed applicate},
  volume  = {CLVIII},
  pages   = {75-97},
  year    = 1991
}

@article{SWZ96,
  author  = {E. Sawyer and R. Wheeden and S. Zhao},
  title   = {Weighted Norm Inequalities for Operators of Potential Type and Fractional Maximal Functions},
  journal = {Potential Analysis},
  pages   = {523-580},
  volume  = {5},
  year    = 1996
}

@article{per94,
  author  = {C. Perez},
  title   = {Two Weighted Inequalities for Potential and Fractional Type Maximal Operators},
  journal = {Indiana University Mathematics Journal},
  pages   = {663-683},
  volume  = {43},
  number  = {2},
  year    = 1994
}

@article{KS94,
  author  = {R. Kerman and E. Sawyer},
  title   = {Convolution algebras with weighted rearrangement-invariant norm},
  journal = {Studia Mathematica},
  volume  = 108,
  pages   = {103-126},
  number  = 2,
  year    = 1994
}

@article{SW92,
  author  = {E. Sawyer and R. L. Wheeden},
  title   = {Weighted Inequalities for Fractional Integrals on Euclidean and Homogeneous Spaces},
  journal = {American Journal of Mathematics},
  pages   = {813-874},
  volume  = {114},
  number  = {4},
  year    = 1992
}

@article{jac92,
  author  = {N. Jacob},
  title   = {A Class of Elliptic Pseudo Differential Operators Generating Symmetric Dirichlet Forms},
  journal = {Potential Analysis},
  pages   = {221-232},
  volume  = {1},
  year    = 1992
}

@article{jac91,
  author  = {N. Jacob},
  title   = {On the Potential Theory of the Kolmovgorov Equation},
  journal = {Mathematische Nachrichten},
  pages   = {51-66},
  volume  = {154},
  year    = 1991
}

@article{saw88,
  author  = {E. Sawyer},
  title   = {A characterization of two weight norm inequalities for fractional and poisson-integrals},
  journal = {Transactions of the American Mathematical Society},
  pages   = {533-545},
  volume  = {308},
  year    = 1988
}

@book{jar81,
  author    = {H. Jarchow},
  title     = {Locally Convex Spaces},
  publisher = {Teubner, Stuttgart},
  year      = 1981
}

@article{fei79,
  author  = {H. Feichtinger},
  title   = {Gewichtsfunctionen auf lokalkompakten Gruppen},
  journal = {Sitzungsberichte der {\"O}sterreichischen Akademie der Wissenschaften Mathem.-naturw.. Klasse, Abt.II},
  volume  = 188,
  pages   = {451-471},
  year    = 1979
}

@article{rei78,
  author  = {H. Reiter},
  title   = {{\"U}ber den Satz von Weil-Cartier},
  journal = {Mh. Math.},
  volume  = 86,
  year    = 1978,
  pages   = {13-62}
}

@book{hog77,
  author    = {H. Hogbe-Nlend},
  title     = {Bornologies and Functional Analysis},
  publisher = {North-Holland Publ.Co. Amsterdam},
  year      = 1977
}

@article{ber75,
  author  = {S.K. Berberian},
  title   = {On the Convolution of a Measure and a Function},
  journal = {American Mathematical Society},
  number  = 2,
  volume  = 53,
  year    = 1975
}

@inbook{mil75,
  author    = {K. S. Miller},
  title     = {The Weyl fractional calculus},
  pages     = {80-89},
  publisher = {Springer},
  year      = 1975
}

@article{MW74,
  author  = {B. Muckenhoupt and R. Wheeden},
  title   = {Weighted norm inequalities for fractional integrals},
  journal = {Transactions of the American Mathematical Society},
  pages   = {261-274},
  volume  = {192},
  year    = 1974
}

@article{pro71,
  author  = {J. Prolla},
  title   = {Weighted Spaces of Vector-valued Continuous Functions},
  journal = {Annali di Matematica Pura ed Applicata},
  volume  = 89,
  pages   = {145-157},
  year    = 1971
}

@book{lar71,
  author    = {R. Larsen},
  title     = {An Introduction to the Theory of Multipliers},
  publisher = {Sprin\-ger-Ver\-lag Berlin Heidelberg New York},
  year      = 1971
}

@article{sum70,
  author  = {W. Summers},
  title   = {Dual Space of Weighted Spaces},
  journal = {Transactions of the American Mathematical Society},
  pages   = {323-333},
  volume  = 151,
  year    = 1970
}

@article{gau69,
  author  = {G. Gaudry},
  title   = {Multipliers of Weighted Lebesgue and Measure Spaces},
  journal = {Proc. London Math. Soc.},
  volume  = 19,
  number  = 3,
  pages   = {327-340},
  year    = 1969
}

@article{mor67,
  author  = {J. Moreau},
  title   = {Fonctionelles convexes.},
  journal = {Seminaire Jean Leray},
  volume  = 2,
  pages   = {1-168},
  year    = 1967
}

@book{nac65a,
  author    = {L. Nachbin},
  title     = {Elements of Approximation Theory.},
  publisher = {Institute de Matematica Pura e Aplicada de Consello Nacional de Pesquises, Rio de Janeiro},
  year      = 1965
}

@book{edw65,
  author    = {R. Edwards},
  title     = {Functional Analysis - Theory and Applications},
  publisher = {Dover Publications, Inc. New York},
  year      = 1965
}

@article{edw59,
  author  = {R. Edwards},
  title   = {The stability of weighted Lebesgue spaces},
  journal = {Transactions of the American Mathematical Societly},
  volume  = 93,
  number  = 3,
  year    = 1959,
  pages   = {369-394}
}

@book{HP57,
  author    = {E. Hille and R. Phillips},
  title     = {Functional Analysis and Semi-Groups},
  publisher = {American Mathematical Society, Providence},
  year      = 1957
}

@article{dom56,
  author  = {Y. Domar},
  title   = {Harmonic analysis based on certain commutative {B}anach algebras.},
  journal = {Acta Mathematics},
  volume  = {96},
  pages   = {1-66},
  year    = 1956
}

@inproceedings{beu38,
  author    = {Arne Beurling},
  title     = {Sur les integrales de Fourier absolument convergentes et leur application a une transformation fonctionelle},
  booktitle = {Ninth Scandinavian Mathematical Congress},
  pages     = {345-366},
  year      = 1938,
  publisher = {Helsingfors}
}