@article{KH02x,
  author   =  "Kleiner, T. and Hilfer, R.",
  title    =  "To be Published"
}


@article{rus008,
  author   =  "Russo, C.",
  journal  =  "J. Logic Comput.",
  volume   =  20,
  year     =  2010,
  number   =  4,
  pages    =  "917-946"
}


@article{lio60,
author   =  "J. L. Lions",
journal  =  "Portugaliae Mathematica",
title    =  "Les Semi Groupes Distributions",
number   =  "3",
volume   =  "19",
year     =  "1960",
}

@article{ow005,
author   =  "N. Ortner and P. Wagner",
journal  =  "Note Mat.",
title    =  "Convolution groups for quasihyperbolic systems of differential operators",
number   =  "2",
pages    =  "139-157",
volume   =  "25",
year     =  "2005"
}

@book{fel71,
author    =  "Feller, W.",
title     =  "An Introduction to probability theory and its applications, Vol. II",
publisher = "Wiley, New York",
year      =  1971
}

@article{wag87,
author   =  "P. Wagner",
journal  =  "Math. Ann.",
pages    =  "467-485",
title    =  "{Zur} {Faltung} von {Distribution}",
volume   =  "276",
year     =  "1987"
}

@article{bo015,
author   =  "C. Bargetz and N. Ortner",
journal  =  "Applicable Analysis",
title    =  "Solution to the Cauchy problem for quasi-hyperbolic systems by vector-valued convolution",
number   =  "11",
volume   =  "94",
year     =  "2015"
}

@article{schw54,
  title={A. D{\'e}finition int{\'e}grale de la convolution de deux distributions},
  author={Schwartz, L},
  journal={S{\'e}minaire Schwartz},
  volume={1},
  pages={1--7},
  year={1953}
}


@book{vla002,
  title={Methods of the theory of generalized functions},
  author={Vladimirov, V. S.},
  year={2002},
  publisher={CRC Press}
}



@article{kun99,
author   =  "P. C. Kunstmann",
journal  =  "Trans. Amer. Math. Soc.",
number   =  "2",
pages    =  "837-856",
title    =  "Distribution semigroups and abstract Cauchy problems",
volume   =  "351",
year     =  "1999"
}

@article{DM78,
  title={Factorisations de fonctions et de vecteurs ind{\'e}finiment diff{\'e}rentiables},
  author={Dixmier, J and Malliavin, P},
  journal={Bull. Sci. Math},
  volume={102},
  number={2},
  pages={305--330},
  year={1978}
}

@article{fat76,
author   =  "H. O. Fattorini",
journal  =  "Pacific J. Math.",
number   =  "2",
pages    =  "347-371",
title    =  "Some remarks on convolution equations for vector-valued distributions",
volume   =  "66",
year     =  "1976"
}

@article{DDJ009,
author   =  "E. Damek and J. Dziubanski and P. Jaming and S. P{\'e}rez-Esteva",
journal  =  "Math. Scand.",
title    =  "Distributions that are convolvable with generalized {Poisson} kernel of solvable extensions of homogeneous {L}ie groups",
pages    =  "31-65",
volume   =  "105",
year     =  "2009"
}

@article{agp002,
author   =  "J. Alvarez and M. Guzm{\'a}n-Partida",
journal  =  "J. Math. Anal. Appl.",
title    =  "The $ S' $-convolution with singular kernels in the Euclidean case and the product domain case",
pages    =  "405-434",
volume   =  "270",
year     =  "2002"
}

@article{AGP007,
author   =  "J. Alvarez and M. Guzm{\'a}n-Partida and S. P{\'e}rez-Esteva",
journal  =  "Math. Nachr.",
number   =  "13-14",
title    =  "Harmonic extensions of distributions",
pages    =  "1443-1466",
volume   =  "280",
year     =  "2007"
}

@article{ags003,
author   =  "J. Alvarez and M. Guzm{\'a}n-Partida and U. Sk{\'o}rnik",
journal  =  "Studia Math.",
number   =  "2",
title    =  "$ \mathcal{ S }' $-convolvability with the {Poisson} kernel in the {Euclidean} case and the product domain case",
volume   =  "156",
year     =  "2003"
}

@inbook{alv99,
author     =  "J. Alvarez and C. Carton-Lebrun",
booktitle  =  "Analysis of Divergence: Control and Management of Divergent Processes",
title      =  "Optimal spaces for the $ S' $-convolution with the {Marcel} {Riesz} kernels and the $ N $-dimensional {Hilbert} kernel",
chapter    =  "15",
pages      =  "233-248",
publisher  =  "Birkhäuser",
editors    =  "W. O. Bray and \v{C}. V. Stanojevi\'{c}"
}

@inbook{jac019,
author     =  "N. Jacob and E. O. T. Rhind",
booktitle  =  "Open Quantum Systems",
title      =  "Aspects of Micro-Local Analysis and Geometry in the Study of {L\'{e}y}-Type Generators",
pages      =  "77-140",
publisher  =  "Birkhäuser",
editors    =  "D. Bahns and A. Pohl and I. Witt"
}

@article{hor78,
author   =  "J. Horvath",
title    =  "Composition of Hypersingular Integral Operators",
journal  =  "Appl. Anal.",
number   =  "3",
pages    =  "171-190",
volume   =  "7",
year     =  "1978"
}

@article{fg89a,
author   =  "H. G. Feichtinger and K. H. Gröchenig",
title    =  "Banach Spaces Related to Integrable Group Representations and Their Atomic Decompositions, I",
journal  =  "J. Funct. Anal.",
volume   =  "86",
pages    =  "307-340",
year     =  "1989"
}

@article{deb019,
author   =  "A. Debrouwere",
title    =  "Quasinormable $ C_0 $-Groups and Translation-Invariant Fr\'{e}chet Spaces of Type $ \mathcal{ D }_E $",
journal  =  "Results Math.",
volume   =  "74",
number   =  "4",
year     =  "2019"
}

@inbook{fei015,
author     =  "H. G. Feichtinger",
title      =  "Choosing Function Spaces in Harmonic Analysis",
booktitle  =  "Excursions in Harmonic Analysis",
year       =  "2015",
volume     =  "4",
pages      =  "65-101",
publisher  =  "Birkhäuser",
series     =  "Applied and Numerical Harmonic Analysis"
}

@article{kom68,
author   =  "T. Komura",
title    =  "Semigroups of Operators in Locally Convex Spaces",
pages    =  "258-296",
year     =  "1968",
journal  =  "J. Funct. Anal.",
Volume   =  "2"
}

@article{GOW011,
author   =  "M. Guzm\'{a}n-Partida and N. Ortner and P. Wagner",
title    =  "{M. Riesz'} kernels as boundary values of conjugate {Poisson} kernels",
journal  =  "Bull. Sci. Math.",
pages    =  "291-302",
volume   =  "135",
year     =  "2011"
}

@article{kwa017,
author = "M. Kwa{\'s}nicki",
title = "Ten equivalent definitions of the fractional Laplace operator",
journal = "Fractional Calculus and Applied Analysis",
volume = "20",
number = "1",
year = "2017"
}

@inbook{kwa019,
author = "M. Kwa{\'s}nicki",
title = "Fractional Laplace operator and its properties",
book = "Handbook of Fractional Calculus with Applications",
publisher = "De Gruyter",
pages = "159-193",
year = "2019"
}

@book{EN000,
author = "K. Engel and R. Nagel",
title = "One-Parameter Semigroups for Linear Evolution Equations",
publisher = "Springer",
year = 2000
}

@article{kom66,
author = "H. Komatsu",
title = "Fractional powers of operators",
journal = "Pacific J. Math.",
volume = 19,
pages = "285-346",
number = 2,
year = 1966
}

@article{hl019,
author = "R. Hilfer and Y. Luchko",
title = "Desiderata for Fractional Integrals and Derivatives",
journal = "Mathematics",
volume = 7,
year = 2019
}

@inbook{hil019,
author = "R. Hilfer",
title = "Mathematical and physical interpretations of fractional derivatives and integrals",
booktitle = "Handbook of Fractional Calculus. Volume 1 - Basic Theory",
year = 2019,
pages = "47-46",
publisher = "De Gruyter"
}

@article{yos71,
author = "K. Yoshinaga",
title = "Fractional powers of an infinitesimal generator in the theory of semi-group distributions",
journal = "Bull. Kyushu Inst. Tech.",
volume = 18,
year = 1971
}

@article{bo018,
author = "C. Bargetz and N. Ortner",
title = "Kernel identities and vectorial regularisation",
year = 2018,
journal = "Monatsh. Math.",
volume = 186,
pages = "201-214"
}

@article{hor74,
author = "J. Horv{\'a}th",
title = "Sur la convolution des distributions",
journal = "Bull. Sc. Math.",
volume = 98,
pages = "183-192",
series = 2,
year = 1974
}

@article{roi76,
author = "B. Roider",
title = "Sur la convolution des distributions",
journal = "Bull. Sc. Math.",
volume = 100,
pages = "193-199",
series = 2,
year = 1976
}

@article{has60,
author = "M. Hasumi",
title = "A note on the n-dimensional tempered ultra distributions",
year = 1960,
journal = "Tohoku Math. Jour."
}

@book{MS001,
author = "C. Mart{\'i}nez and M. Sanz",
title = "The Theory of Fractional Powers of Operators",
series = "North-Holland Math. Stud.",
publisher = "Elsevier",
year = 2001
}

@article{HK020,
  title={Maximal Domains for Fractional Derivatives and Integrals},
  author={Hilfer, R. and Kleiner, T.},
  journal={Mathematics},
  volume={8},
  number={7},
  pages={1107},
  year={2020},
  publisher={Multidisciplinary Digital Publishing Institute}
}

@article{mrs011,
author = "C. Mart{\'i}nez and A. Redondo and M. Sanz",
title = "Suitable domains to define fractional integrals of {Weyl} via fractional powers",
number = 2,
volume = 202,
journal = "Studia Math.",
year = 2011
}

@article{KPSV016,
author = "S. Kostadinova and S. Pilipovic and K. Saneva and J. Vindas",
title = "The short-time {Fourier} transform of distributions of exponential type and {Tauberian} theorems for shift-asympotics",
year = 2016,
journal = "Filomat"
}

@article{YO58,
  author   =  "K. Yoshinaga and H. Ogata",
  title    =  "On Convolutions",
  year     =  1958,
  number   =  1,
  volume   =  22,
  pages    =  "15-24",
  journal  =  "J. Hiroshima Univ."
}

@article{hir58,
author = "Y. Hirata",
title = "On convolutions in the theory of distributions",
year = 1958,
number = 2,
pages = "89-98",
journal = "J. Hiroshima Univ.",
volume = 22
}

@article{shi59,
author = "R. Shiraishi",
title = "On the Definition of Convolutions for Distributions",
year = 1959,
number = 1,
pages = "19-32",
journal = "J. Hiroshima Univ.",
volume = 23
}

@article{hil19e,
author = "T. Kleiner and R. Hilfer",
title = "to be published",
journal = "Comm. Math. Phys.",
year = 2020
}

@article{pil85,
author = "S. Pilipovi{\'c}",
title = "On the Convolution in the Spaces of {$\mathcal{K}^\prime\{M_p\}$}-Type",
journal = "Math. Nachr.",
volume = 120,
pages = "103-412",
year = 1985
}

@article{swa72,
author = "C. Swartz",
title = "Convolution in {$K\{M_p\}$} Spaces",
journal = "Rocky Mount. J. Math.",
volume = 2,
number = 2,
year = 1972
}

@article{min014,
author = "S. Mincheva-Kamisnka",
title = "Convolution of Distributions in Sequential Approach",
journal = "Filomat",
year = 2014,
volume = 28,
number = 8,
pages = "1543-1557"
}

@article{kpp001,
author = "A. Kami{\'n}ski and D. Peri{\v s}i{\'c} and S. Pilipovi{\'c}",
title = "On the convolution in {Gel'fand-Shilov} spaces",
journal = "Integral Transforms and Special Functions",
year = 2001,
pages = "363-376",
volume = 11,
number = 4
}

@article{sil007,
author = "L. Silvestre",
title = "Regularity of the Obstacle Problem for a Fractional Power of the Laplace Operator",
journal = "Comm. Pure and Appl. Math.",
year = 2006,
volume = "LX",
pages = "0067-012"
}

@article{kpp96,
author = "A. Kami{\'n}ski and D. Peri{\v s}i{\'c} and S. Pilipovi{\'c}",
title = "On the convolution in {Gel'fand-Shilov} spaces",
journal = "Integral Transforms and Special Functions",
year = 1996,
pages = "83-96",
volume = 4,
number = "1-2"
}

@incollection{SCH53,
author = "L. Schwartz",
title = "Produits tensoriels topologiques d'espaces vectoriels topologique. Espaces vectoriels toplogiques nucl{\'e}aires.",
booktitle = "S{'e}minaire Schwartz, Ann{\'e}e 1953-1954",
year = 1954,
publisher = "Secr{\'e}tariat Math. Fac. Sci., Paris"
}

@article{DPV015b,
author = "P. Dimovski and S. Pilipovic and J. Vindas",
title = "New distribution spaces associated to translation-invariant Banach spaces",
journal = "Monatsh. Math.",
year = 2015
}

@book{GS68,
author = "I. M. {Gel'fand} and G. E. Shilov",
title = "Generalized Functions. Vol. 2: Spaces of Fundamental and Generalized Functions",
publisher = "Academic Press, New York-London",
year = 1968
}

@book{GS67,
author = "I. M. {Gel'fand} and G. E. Shilov",
title = "Generalized Functions, Theory of Differential Equations",
volume = 3,
publisher = "Academic Press",
year = 1967
}

@book{fri63,
author = "A. Friedman",
title = "Generalized Functions and Partial Differential Equations",
publisher = "Prentice-Hall",
year = 1963
}


@article{bir73,
  title    =  {Lattice Theory, third editon},
  author   =  {Birkhoff, G.},
  journal  =  {American Math. Society Coll. Publ.},
  volume   =  {25},
  year     =  {1973}
}


@book{gro73b,
  title={Topological vector spaces},
  author={Grothendieck, Alexandre},
  year={1973},
  publisher={Taylor \& Francis}
}


@inbook{hil19a,
  title={Mathematical and physical interpretations of fractional derivatives and integrals},
  author={Hilfer, R.},
  booktitle={Handbook of Fractional Calculus with Applications},
  publisher  =  "De Gruyter",
  volume={1},
  pages={47--85},
  year={2019}
}


@article{OGV018,
  title={Semi-heavy tails},
  author={Omey, E. and Van Gulck, S. and Vesilo, R.},
  journal={Lithuanian Math. J.},
  volume={58},
  number={4},
  pages={480--499},
  year={2018},
  publisher={Springer}
}


@article{COWW018,
  title={Asymptotics of convolution with the semi-regular-variation tail and its application to risk},
  author={Cui, Z. and Omey, E. and Wang, W. and Wang, Y.},
  journal={Extremes},
  volume={21},
  number={4},
  pages={509--532},
  year={2018},
  publisher={Springer}
}



@book{kin009a,
  title={Hilbert transforms},
  author={King, Frederick W.},
  volume={2},
  year={2009},
  publisher={Cambridge University Press Cambridge}
}



@book{MS001b,
  title={The theory of fractional powers of operators},
  author={Mart{\'i}nez, C. and Sanz, M.},
  year={2001},
  publisher={Elsevier}
}



@book{schw66,
  title      =  {Th{\'e}orie des distributions},
  author     =  {Schwartz, L.},
  year       =  {1966},
  publisher  =  {Hermann, Paris}
}



@article{has61,
  title={Note on the n-dimensional tempered ultra-distributions},
  author={Hasumi, Morisuke},
  journal={Tohoku Mathematical Journal, Second Series},
  volume={13},
  number={1},
  pages={94--104},
  year={1961},
  publisher={Mathematical Institute, Tohoku University}
}



@article{hil19b,
  title={Desiderata for fractional derivatives and integrals},
  author={Hilfer, R. and Luchko, Y.},
  journal={Mathematics},
  volume={7},
  number={2},
  pages={149},
  year={2019},
  publisher={Multidisciplinary Digital Publishing Institute}
}


@article{oki65,
  title={A generalisation of the {Hilbert} transform},
  author={Okikiolu, G.},
  journal={J. London Math. Soc.},
  volume={1},
  number={1},
  pages={27--30},
  year={1965},
  publisher={Wiley Online Library}
}



@book{CHE50,
author = "C. Chevalley",
title = "Theory of Distributions. Lectures at Columbia University",
publisher = "Columbia University Press, New York",
year = "1950-1951"
}

@article{sch57,
author = "L. Schwartz",
title = "Th{\'e}orie des distributions {\`a} valeurs vectorielles",
pages = "1-141",
journal = "Ann. Inst. Fourier",
volume = 7,
year = 1957
}

@book{GEO015,
author = "S. G. Georgiev",
title = "Theory of Distributions",
publisher = "Springer",
year = 2015
}

@book{SAM002,
author = "G. Samko",
title = "Hypersingular Integrals and Their Applications",
publisher = "Taylor \& Francis, New York",
year = 2002
}

@book{SKM93,
author = "S. G. Samko and A. A. Kilbas and O. I. Marichev",
title = "Fractional Derivatives and Integrals: Theory and Applications",
publisher = "Gordan and Breach",
year = 1993
}

@book{GS64,
author = "I. Gel'fand and G. Shilov",
title = "Generalized Functions",
publisher = "Academic Press, New York",
year = 1964
}

@book{VDZ88,
author = "V. S. Vladimirov and Yu. N. Drozzinov and B. I. Zavialov",
title = "Tauberian Theorems for Generalized Functions",
publisher = "Kluwer",
year = 1988
}

@article{sta95,
author = "B. Stankovi{\'c}",
title = "Structural Theorems for {S}-Bounded Distributions",
journal = "Novi Sad Journal of Mathematics",
year = 1995,
volume = 25,
number = 2,
pages = "49-55"
}

@inbook{koz94,
author = "D. Kozen",
title = "On Action Algebras",
chapter = 5,
book = "Logic and Information Flow",
publisher = "MIT Press",
year = 1994
}

@Comment editor = "Jan van Eijck and Albert Visser",

@inbook{pra94,
author = "V. Pratt",
title = "A Roadmap of Some Two-Dimensional Logics",
chapter = 9,
book = "Logic and Information Flow",
publisher = "MIT Press",
year = 1994
}

@Comment editor = "Jan van Eijck and Albert Visser",


@article{EKMS93,
  title={A primer on Galois connections},
  author={Ern{\'e}, Marcel and Koslowski, J{\"u}rgen and Melton, Austin and Strecker, George E},
  journal={Annals of the New York Academy of Sciences},
  volume={704},
  number={1},
  pages={103--125},
  year={1993},
  publisher={Blackwell Publishing Ltd Oxford, UK}
}



@book{JT84,
author = "A. Joyal and M. Tierney",
title = "An Extension of the Galois Theory of Grothendieck",
publisher = "AMS",
year = 1984,
volume = 51,
number = 309
}

@book{JOH82,
author = "P. T. Johnstone",
title = "Stone Spaces",
publisher = "Cambridge University Press",
year = 1982
}

@article{min016,
author = "S. Mincheva-Kaminska",
title = "Convolutional approach to fractional calculus for distributions of several variables",
journal = "Fractional Calculus and Applied Analysis",
pages = "441-462",
number = "2",
year = 2016,
volume = "19"
}

@book{EGH018,
author = "P. Eklund and J. Guti{\'e}rrez Garc{\'i}a and U. H{\"o}hle and J. Kortelainen",
title = "Semigroups in Complete Lattices",
publisher = "Springer",
year = 2018
}

@book{god015c,
author = "R. Godement",
title = "Analysis III",
publisher = "Universitext",
year = 2015
}

@book{god015d,
author = "R. Godement",
title = "Analysis IV",
publisher = "Universitext",
year = 2015
}

@article{ata002,
author = "T. M. Atanackovic",
title = "A generalized model for the uniaxial isothermal deformation of a viscoelastic body",
journal = "Acta Mechanica",
pages = "77-86",
volume = "159",
year = 2002
}

@article{aop010,
author = "T. M. Atanackovic and L. O. and S. Pilipovi{\'c}",
title = "Semilinear ordinary differential equation coupled with distributed order fractional differential equation",
journal = "Nonlinear Analysis",
pages = "4101-4114",
volume = "72",
year = 2010
}

@inbook{die84,
author = "P. Dierolf",
booktitle = "Functional Analysis: Surveys and Recent Results: III",
title = "Multiplication and convolution operators between spaces of distributions",
pages = "305-330",
year = 1984,
publisher = "North-Holland"
}

@article{DV78,
author = "P. Dierolf and J. Voigt",
title = "Convolution and {$\mathcal{S}^\prime$-convolution} of distributions",
journal = "Collectanea Math.",
pages = "185-196",
year = 1978,
volume = 29
}

@article{LR89,
author = "O. E. Lanford III and D. W. Robinson",
title = "Fractional powers of generators of equicontinuous semigroups and fractional derivatives",
journal = "J. Austral. Math. Soc.",
series = "A",
volume = 46,
pages = "473-504",
year = 1989
}

@conference{mul86,
author = "C. J. Mulvey",
title = "{\&}",
volume = 12,
pages = "99-104",
booktitle = "Rend. Circ. Mat. Palermo Ser.",
year = 1986
}

@comment organization = "Convegno di Topologia",

@book{ros90,
author = "K. I. Rosenthal",
title = "Quantales and their Applications",
publisher = "Longman Scientific and Technical",
year = 1990
}

@article{sl90,
author = "S. E. Schiavone and W. Lamb",
title = "A Fractional Power Approach to Fractional Calculus",
journal = "Jour. Math. Anal. Appl.",
pages = "377-401",
year = 1990,
volume = 149
}

@article{aop009,
author = "Teodor M.d Atanackovic and Ljubica Oparnica and Stevan Pilipovi{\'c}",
title = "Distributional framework for solving fractional differential equations",
journal = "Integral Transforms and Special Functions",
pages = "215-222",
volume = "20"
}

@article{lar013,
author = "J. Larcher",
title = "Multiplications and convolutions in {L.} {Schwartz'} spaces of test functions and distributions and their continuity",
journal = "Analysis",
publisher = "De Gruyter",
volume = "33",
number = "4",
pages = "319-332",
year = 2013
}

@book{ML86,
author = "O. P. Misra and J.L. Lavoine",
title = "Transform Analysis of Generalized Functions",
publisher = "North-Holland",
year = 1986
}

@article{sz85,
author = "R. Shambayati and Z. Zielezny",
title = "Convolution equations in space of distributions with one-sided bounded support",
journal = "Trans. Amer. Math. Soc.",
volume = "289",
number = "2",
pages = "707-713",
year = 1985
}

@article{lg99,
author = "Y. Luchko and R. Gorenflo",
title = "An operational method for solving fractional differential equations with the {Caputo} derivatives",
journal = "Acta Mathematica Vietnamica",
volume = 24,
number = 2,
pages = "207-233",
year = 1999
}

@article{kh019,
author = "T. and R. Hilfer",
title = "Supremal convolution and convolution of weighted balls of measures",
journal = "Annali di Matematica Pura et Applicata",
year = 2019
}

@article{kh019b,
author = "T. Kleiner and R. Hilfer",
title = "Weyl integrals on weighted spaces",
journal = "FCAA",
year = 2018
}

@article{lly014,
author = "Z. Li and Y. Liu and M. Yamamoto",
title = "Initial-Boundary Value Problems for Multi-Term Time-Fractional Diffusion Equations with Positive Constant Coefficients",
journal = "Applied Mathemamtics and Compution",
volume = 257,
pages = "381-397",
year = 2014
}

@article{bg006,
author = "B. Basit and H. G{\"u}nzler",
title = "Generalized vector valued almost periodic and ergodic distributions",
journal = "Mathematical Analysis and Applications",
volume = 314,
pages = "363-381",
year = 2006
}

@incollection{hil008,
author = "R. Hilfer",
title = "Threefold Introduction to Fractional Derivatives",
year = 2008,
booktitle = "Anomalous Transport: Foundations and Applications",
publisher = "Wiley-VCH"
}

@article{hil19d,
  title={Weyl integrals on weighted spaces},
  author={Kleiner, Tillmann and Hilfer, Rudolf},
  journal={Fractional Calculus and Applied Analysis},
  volume={22},
  number={5},
  pages={1225--1248},
  year={2019},
  publisher={De Gruyter}
}

@article{hil19c,
  title={Convolution operators on weighted spaces of continuous functions and supremal convolution},
  author={Kleiner, T. and Hilfer, R.},
  journal={Annali di Matematica Pura ed Applicata (1923-)},
  pages={1--23},
  year={2019},
  publisher={Springer}
}


@article{hil002,
author = "R. Hilfer",
title = "Experimental evidence for fractional time evolution in glass forming materials",
journal = "Chemical Physics",
volume = 284,
pages = "399-408",
year = 2002
}

@book{ZEM65,
author = "A. H. Zemanian",
title = "Distribution Theory and Transform Analysis",
year = 1965,
publisher = "McGraw-Hill Book Company"
}

@book{hil000,
author = "R. Hilfer",
title = "Applications of Fractional Calculus in Physics",
publisher = "World Scientific",
year = 2000
}

@article{hlt009,
author = "R. Hilfer and Y. Luchko and Z. Tomovski",
title = "Operational Method for the solution of fractional differential equations with generalized {Riemann-Liouville} fractional derivatives",
journal = "Fractional Calculus and Applied Analysis",
year = 2009
}

@article{DV020,
  title={Topological properties of convolutor spaces via the short-time Fourier transform},
  author={Debrouwere, Andreas and Vindas, Jasson},
  journal={arXiv preprint arXiv:1801.09246},
  year={2020}
}

@article{dv018,
author = "A. Debrouwere and J. Vindas",
title = "Topological Properties of Convolutor Spaces via the short-time {Fourier} transform",
journal = "preprint arXiv:1801.0921",
year = 2018
}

@article{BNO017,
  author   =  "C. Bargetz, E. A. Nigsch and N. Ortner",
  title    =  "Convolvability and regularization of distributions",
  journal  =  "Annali di Matematica Pura et Applicata",
  volume   =  196,
  pages    =  "2239-2251",
  year     =  2017
}

@book{MR93,
author = "K. S. Miller and B. Ross",
title = "An Introduction to the fractional Calculus and fractional differential equations",
publisher = "Wiley",
year = "1993",
}

@article{lar012,
author = "J. Larcher",
title = "Some remarks concerning the spaces of multipliers and convolutors, $\mathcal{O}_M$ and $\mathcal{O}^\prime_C$, of Laurent Schwartz",
journal = "RACSAM",
volume = 106,
pages = "407-417",
year = 2012
}

@book{JAC001,
author = "N. Jacob",
title = "Pseudo Differential Operators and Markov Processes",
publisher = "Imperial College Press",
year = 2001
}

@book{SAT99,
author = "K. Sato",
title = "L{\'e}vy Processes and Infinitely Divisible Distributions",
publisher = "Cambridge Univ. Press",
year = 1999
}

@article{ms006,
author = "T. Morita and K. Sato",
title = "Solution of Fractional Differential Equation in Terms of Distribution Theory",
journal = "Interdisciplinary Information Sciences",
volume = 12,
number = 2,
pages = "71-83",
year = 2006
}

@inbook{BW000,
  author     =  "P. L. Butzer and U. Westphal",
  title      =  "An introduction to fractional calculus",
  booktitle  =  "Applications of Fractional Calculus in Physics",
  publisher  =  "World Scientific",
  chapter    =  1,
  pages      =  "1-85",
  year       =  2000
}

@article{ms010,
author = "T. Morita and K. Sato",
title = "{Neumann-series} solution of fractional differential equation",
journal = "Interdisciplinary Information Sciences",
volume = 16,
number = 1,
pages = "127-137",
year = 2010
}

@article{lam85,
author = "W. Lamb",
title = "A distributional theory of fractional calculus",
journal = "Proc. Roy. Soc. Edinburgh",
series = "A",
volume = 99,
number = "3-4",
pages = "347-357",
year = 1985
}

@article{bar011,
author = "C. Bargetz",
title = "Convolution of Distribution-Valued Functions. Applications.",
journal = "Revista Colombiana de Matematicas",
volume = 45,
number = 1,
pages = "51-81",
year = 2011
}

@book{BJ72,
author = "T. S. Blyth and M. F. Janowitz",
title = "Residuation Theory",
publisher = "Pergamon Press",
year = 1972
}

@book{koe66,
author = "G. K{\"o}the",
title = "Topologische Lineare R{\"a}ume",
publisher = "Springer Verlag",
year = 1966
}

@book{OW013,
author = "N. Ortner and P. Wagner",
title = "Distribution-Valued Analytic Functions",
publisher = "edition swk",
year = 2013
}

@book{OW015,
author = "N. Ortner and P. Wagner",
title = "Fundamental Solutions of Linear Partial Differential Operators",
publisher = "Springer International Publishing",
year = 2015
}

@article{ort010,
author = "N. Ortner",
title = "On convolvability conditions for distributions",
journal = "Monatsh. Math.",
year = 2010
}

@article{rst78,
author = "L. A. Rubel and W. A. Squires and B. A. Taylor",
title = "Irreducibility of certain entire functions with applications to harmonhic analysis",
journal = "Annals of Mathematics",
year = 1978,
pages = "553-567",
volume = 108
}

@article{ort004,
author = "N. Ortner",
title = "On some contributions of {John Horv{\'a}th} to the theory of distributions",
journal = "J.\ Math.\ Anal.\ Appl.",
volume = 297,
pages = "353-383",
year = 2004
}

@book{HOR66,
author = "J. Horv{\'a}th",
title = "Topological Vector Spaces and Distributions",
publisher = "Addison-Wesley",
year = 1966
}

@mastersthesis{kle016,
author = "T. Kleiner",
title = "Lokalkonvexe Funktionenr{\"a}ume und fraktionale Weyl-Ableitungen",
school = "Universit{\"a}t Stuttgart",
year = 2016,
}

@article{nt015,
author = "E. Nursaltanov and S. Tikhonov",
title = "Weighted Norm Inequalities for Convolution and Riesz Potential",
journal = "Potential Analysis",
year = 2015,
volume = 42,
pages = "435-456",
}

@article{tor014,
author = "A. Torchinsky",
title = "Weighted Local Estimates for Fractional Type Operators",
journal = "Potential Analysis",
year = 2014,
volume = "41",
pages = "869-885",
}

@article{wag014,
author = "P. Wagner",
title = "On convolution in weighted $\mathcal{D}'_{L^p}$-spaces",
journal = "Math. Nachr.",
volume = 287,
pages = "472-477",
year = 2014
}

@article{ped013,
author = "T. Pedersen",
title = "Compactness and weak-star continuity of derivations on weighted convolution algebras",
journal = "J. Math. Anal. Appl.",
volume = 397,
pages = "402-414",
year = 2013
}

@article{LS012,
author = "H. Lee and E. Samei",
title = "Beurling-Fourier algebras, operator amenability and Arens regularity",
journal = "Journal of Functional Analysis",
volume = 262,
pages = "167-209",
year = 2012
}

@article{am011,
author = "I. Akbarbaglu and S. Maghsoudi",
title = "On the Generalized Weighted Lebesgue spaces of Locally Compact Groups",
journal = "Abstract and Applied Analysis",
year = 2011
}

@article{abt011,
author = "F. Abtahi",
title = "Lebesgue Weighted $L^p$-algebra on locally compact groups",
pages = "324-331",
year = 2011
}

@book{PER67,
author = "A. L. Peressini",
title = "Ordered topological vector spaces",
publisher = "Harper \& Row, New York",
year = 1967
}

@article{lmpt010,
author = "M. T. Lacey and K. Moen and C. P{\'e}rez and R. H. Torres",
title = "Sharp Weighted Bounds for Fractional Integral Operators",
journal = "Journal of Functional Analysis",
year = 2010,
volume = "259",
pages = "1073-1095",
}

@book{PIE72,
author = "A. Pietsch",
title = "Nuclear Locally Convex Spaces",
publisher = "Springer",
year = 1972
}

@article{bec010,
author = "W. Beckner",
title = "{Pitt's} inequality with sharp convolution estimates",
journal = "{Pitt's} inequality with sharp convolution estimates",
year = 2008,
volume = 136,
number = 5,
pages = "1871-1885",
}

@article{iwa010,
author = "T. Iwabuchi",
title = "{Navier-Stokes} equations and nonlinear heat equations in modulation spaces with negative derivative indices",
journal = "Journal of Differential Equations",
year = 2010,
volume = 248,
pages = "1972-2002",
}

@article{anr010,
author = "F. Abtahi and R. Nasr-Isfahani and A. Rejali",
title = "Weighted $L^p$-conjecture for locally compact groups",
journal = "Periodica Mathematica Hungaria",
pages = "1-11",
volume = "60",
year = 2010
}

@article{OW012,
author = "N. Ortner and P. Wagner",
title = "Explicit representations of L.\ Schwartz' spaces $\mathscr{D}_{L^p}$ and $\mathscr{D}^\prime_{L^p}$ by the sequence spaces $s\widehat{\otimes}l^p$ and $s^\prime\widehat{\otimes}l^p$, respectively, for $1<p<\infty$",
journal = "J.\,Math.\,Anal.\,Appl.",
volume = "404",
pages = "1-10",
year = 2013
}

@article{bar014,
author = "C. Bargetz",
title = "Commutativity of the {Valdivia-Vogt} table of representations of function spaces",
journal = "Math.\,Nachr.",
volume = "287",
number = 1,
pages = "10-22",
year = 2014
}

@article{bar015,
author = "C. Bargetz",
title = "Completing the {Valdivia-Vogt} tables of sequence-space representations of spaces of smooth functions and distributions",
journal = "Monatsh.\,Math.",
volume = "177",
pages = "1-14",
year = 2015
}

@article{BS010,
  author   =  "A. Biswas and D. Swanson",
  title    =  "{Navier-Stokes} Equations and Weighted Convolution Inequalities in Groups",
  journal  =  "Comm. Partial Differential Equations",
  volume   =  35,
  number   =  4,
  pages    =  "559-589",
  year     =  2010,
}

@book{RW009,
author = "H. Rockafellar and R. Wets",
title = "Variational Analysis, \emph{Grundlehren der mathematischen Wissenschaften} vol. 317",
publisher = "Springer, Berlin",
year = 2009
}

@article{AAG008,
author = "E. Abakumov and A. Atzmon and S. Grivaux",
title = "Cyclicity of bicyclic operators and completeness of translates.",
journal = "Math. Ann. ",
volume = "341",
pages = "293-322",
year = 2008
}

@article{elk007,
author = "A. El Kinani",
title = "On generalized Beurling algebras",
journal = "Bendiconti del Matematico di Palermo",
volume = "LVI",
pages = "369-386",
year = 2007
}

@article{gro007,
author = "K. Gr{\"o}chenig",
title = "weight functions in time-frequency analysis.",
publisher = "Springer Verlag",
year = 2007
}

@article{js006,
author = "N. Jacob and R. Schilling",
title = "Towards an $L^p$-potential theory for Sub-Markovian Semigroups: Kernels and Capacities",
journal = "Acta Mathematica Sinica, English Series",
pages = "1227-1250",
volume = "22",
number = "4",
year = 2006
}

@article{kuz007,
author = "Yu. Kuznetsova",
title = "Invariant Weighted Algebras $L^w_p(G)$",
journal = "Matematicheskie Zametki",
volume = 84,
number = 4,
pages = "567-576",
year = 2007
}

@article{bw005,
author = "B. Burgeth and J. Weickert",
title = "An Explanation for the Logarithmic Connection between Linear and Morphological System Theory",
journal = "International Journal of Computer Vision",
year = 2005,
pages = "157-169",
volume = 64,
number = 2
}

@book{BT68,
  author     =  "P. L. Butzer and W. Trebels",
  title      =  "Hilberttransformation, gebrochene Integration und Differentiation",
  publisher  =  "Westdeutscher Verlag - Köln und Opladen",
  year       =  1968
}

@book{MO77,
author = "S. A. Morris",
title = "Pontryagin Duality and Locally Compact Abelian Groups",
publisher = "Cambridge University Press",
series = "London Mathematical Society, Lecture Note Series",
volume = 29,
year = 1977
}

@article{zae004,
author = "N. Zähle",
title = "Riesz Potentials and Liouville Operators on Fractals",
journal = "Potential Analysis",
pages = "193-208",
volume = "21",
year = 2004
}

@article{hj004,
author = "W. Hoh and N. Jacob",
title = "Towards an $L^p$-potential theory for sub-Markovian semigroups: variational inequalities and balayage theory",
journal = "Journal of Evolution Equations",
pages = "297-312",
volume = "4",
year = 2004
}

@article{gz001,
author = "K. H. Gr{\"o}chenig and G. Zimmermann",
title = "{Hardy's} Theorem and the Short-Time {Fourier} Transform of {Schwartz} Functions",
journal = "J. London Math. Soc.",
year = 2001,
pages = "205-214",
volume = 63,
number = 1
}

@article{ba014,
author = "C. Bargetz and N. Ortner",
title = "Characterization of {L. Schwartz'} convolutor and multiplier spaces {$\mathcal{O}^\prime_C$} and {$\mathcal{O}^\prime_M$} by the short-time {Fourier} transform",
journal = "RACSAM",
year = "2014",
volume = 105,
pages = "833-847"
}

@book{bou004a,
author = "N. Bourbaki",
title = "Integration I - Chapters 1-6",
publisher = "Sprin\-ger-Ver\-lag, Berlin",
year = 2004
}

@book{BOU004b,
author = "N. Bourbaki",
title = "Integration II - Chapters 7-9",
publisher = "Sprin\-ger-Ver\-lag, Berlin",
year = 2004
}

@article{sil80,
author = "G. B. Silverman",
title = "Translation Invariant K{\"o}the Spaces",
journal = "Illinois Jour. Math.",
volume = 24,
number = 3,
year = 1980
}

@book{VAL82,
author = "M. Valdivia",
title = "Topics in Locally Convex Spaces",
year = 1982,
publisher = "North-Holland"
}

@book{DP002,
  title={Introduction to lattices and order},
  author={Davey, B. A. and Priestley, H. A.},
  year={2002},
  publisher={Cambridge university press}
}

@book{RS000b,
author = "H. Reiter and Stegeman",
title = "Classical Harmonic Analysis on Locally Compact Groups",
publisher = "Claredon Press, Oxford",
year = 2000
}

@book{hoe000a,
author = "L. H{\"o}rmander",
title = "The Analysis of Linear Partial Differential Operators I",
publisher = "Sprin\-ger-Ver\-lag Berlin Heidelberg New York",
year = 2000,
}

@book{hoe000b,
author = "L. H{\"o}rmander",
title = "The Analysis of Linear Partial Differential Operators II",
publisher = "Sprin\-ger-Ver\-lag Berlin Heidelberg New York",
year = 2000,
}

@book{hil98e,
author = "R. Hilfer",
title = "Applications of Fractional Calculus in Physics.",
publisher = "World Scientific Publ.~Co., Singapore",
year = 2000,
}

@book{fed96,
author = "H. Federer",
title = "Geometric Measure Theory",
publisher = "Springer, Berlin",
year = "1969"
}

@book{mat95,
author = "P. Mattila",
title = "Geometry of Sets and Measures in Euclidean Spaces.",
publisher = "Cambridge University Press, Cambridge",
year = 1995
}

@article{maz91,
author = "M. Mazure",
title = "Equations de convolution et formes quadratiques",
journal = "Ann. Mat. Pura Appl.",
volume = "CLVIII",
pages = "75-97",
year = 1991
}

@article{swz96,
author = "E. Sawyer and R. Wheeden and S. Zhao",
title = "Weighted Norm Inequalities for Operators of Potential Type and Fractional Maximal Functions",
journal = "Potential Analysis",
pages = "523-580",
volume = "5",
year = 1996
}

@article{per94,
author = "C. P{\'e}rez",
title = "Two Weighted Inequalities for Potential and Fractional Type Maximal Operators",
journal = "Indiana University Mathematics Journal",
pages = "663-683",
volume = "43",
number = "2",
year = 1994
}

@article{ks94,
author = "R. Kerman and E. Sawyer",
title = "Convolution algebras with weighted rearrangement-invariant norm",
journal = "Studia Mathematica",
volume = 108,
pages = "103-126",
number = 2,
year = 1994
}

@article{sw92,
author = "E. Sawyer and R. L. Wheeden",
title = "Weighted Inequalities for Fractional Integrals on Euclidean and Homogeneous Spaces",
journal = "American Journal of Mathematics",
pages = "813-874",
volume = "114",
number = "4",
year = 1992
}

@article{jac92,
author = "N. Jacob",
title = "A Class of Elliptic Pseudo Differential Operators Generating Symmetric Dirichlet Forms",
journal = "Potential Analysis",
pages = "221-232",
volume = "1",
year = 1992
}

@article{hj91,
author = "N. Jacob",
title = "On the Potential Theory of the Kolmovgorov Equation",
journal = "Math. Nachr.",
pages = "51-66",
volume = "154",
year = 1991
}

@article{saw88,
author = "E. Sawyer",
title = "A characterization of two weight norm inequalities for fractional and poisson-integrals",
journal = "Transactions of the American Mathematical Society",
pages = "533-545",
volume = "308",
year = 1988
}

@book{tre67,
author = "F. Tr{\`e}ves",
title = "Topological Vector Spaces, Distributions and Kernels",
publisher = "Academic Press",
year = 1967
}

@book{tre007,
author = "F. Tr{\`e}ves",
title = "Topological Vector Spaces, Distributions and Kernels",
publisher = "Academic Press",
year = 2007
}

@book{JAR81,
author = "H. Jarchow",
title = "Locally Convex Spaces",
publisher = "Teubner, Stuttgart",
year = 1981
}

@article{fei79,
author = "H. Feichtinger",
title = "Gewichtsfunctionen auf lokalkompakten Gruppen",
journal = "Sitzungsberichte der {\"O}sterreichischen Akademie der Wissenschaften Mathem.-naturw.. Klasse, Abt.II",
volume = 188,
pages = "451-471",
year = 1979
}

@article{rei78,
author = "H. Reiter",
title = "{\"U}ber den Satz von Weil-Cartier",
journal = "Mh. Math.",
volume = 86,
year = 1978,
pages = "13-62"
}

@book{hog77,
author = "H. Hogbe-Nlend",
title = "Bornologies and Functional Analysis",
publisher = "North-Holland Publ.Co. Amsterdam",
year = 1977
}

@article{BER75,
author = "S.K. Berberian",
title = "On the Convolution of a Measure and a Function",
journal = "American Mathematical Society",
number = 2,
volume = 53,
year = 1975
}

@inbook{mil75,
author = "K. S. Miller",
title = "The Weyl fractional calculus",
pages = "80-89",
publisher = "Springer",
year = 1975,
}

@article{mw74,
author = "B. Muckenhoupt and R. Wheeden",
title = "Weighted norm inequalities for fractional integrals",
journal = "Transactions of the American Mathematical Society",
pages = "261-274",
volume = "192",
year = 1974
}

@article{pro71,
author = "J. Prolla",
title = "Weighted Spaces of Vector-valued Continuous Functions",
journal = "Ann. Mat. Pura Appl.",
volume = 89,
pages = "145-157",
year = 1971
}

@book{HÖR90,
author = "L. Hörmander",
title = "The Analysis of Linear Partial Differential Operators I",
publisher = "Springer",
year = 1990
}

@book{HÖR9083,
author = "L. Hörmander",
title = "The Analysis of Linear Partial Differential Operators I + II",
publisher = "Springer",
year = "1990,1983"
}

@book{HÖR83,
author = "L. Hörmander",
title = "The Analysis of Linear Partial Differential Operators II",
publisher = "Springer",
year = 1983
}

@book{lar71,
author = "R. Larsen",
title = "An Introduction to the Theory of Multipliers",
publisher = "Sprin\-ger-Ver\-lag Berlin Heidelberg New York",
year = 1971
}

@incollection{BMS82,
  title={K{\"o}the sets and K{\"o}the sequence spaces},
  author={Bierstedt, Klaus D and Meise, Reinhold G and Summers, William H},
  booktitle={North-Holland Mathematics Studies},
  volume={71},
  pages={27--91},
  year={1982},
  publisher={Elsevier}
}



@article{sum70,
author = "W. Summers",
title = "Dual Space of Weighted Spaces",
journal = "Transactions of the American Mathematical Society",
pages = "323-333",
volume = 151,
year = 1970
}

@article{gau69,
author = "G. Gaudry",
title = "Multipliers of Weighted Lebesgue and Measure Spaces",
journal = "Proc. London Math. Soc.",
volume = 19,
number = 3,
pages = "327-340",
year = 1969
}

@article{mor67,
author = "J. Moreau",
title = "Fonctionelles convexes.",
journal = "Seminaire Jean Leray",
volume = 2,
pages = "1-168",
year = 1967
}

@book{nac65a,
author = "L. Nachbin",
title = "Elements of Approximation Theory.",
publisher = "Institute de Matematica Pura e Aplicada de Consello Nacional de Pesquises, Rio de Janeiro",
year = 1965
}

@book{EDW65,
author = "R. Edwards",
title = "Functional Analysis - Theory and Applications",
publisher = "Dover Publications, Inc. New York",
year = 1965
}

@article{edw59,
author = "R. Edwards",
title = "The stability of weighted Lebesgue spaces",
journal = "Transactions of the American Mathematical Societly",
volume = 93,
number = 3,
year = 1959,
pages = "369-394"
}

@book{HP57,
author = "E. Hille and R. Phillips",
title = "Functional Analysis and Semi-Groups",
publisher = "American Mathematical Society, Providence",
year = 1957
}

@article{dom56,
author = "Y. Domar",
title = "Harmonic analysis based on certain commutative {B}anach algebras.",
journal = "Acta Mathematics",
volume = "96",
pages = "1-66",
year = 1956
}

@inproceedings{beu38,
author = "A. Beurling",
title = "Sur les integrales de Fourier absolument convergentes et leur application a une
transformation fonctionelle",
booktitle = "Ninth Scandinavian Mathematical Congress",
pages = "345-366",
year = 1938,
publisher = "Helsingfors",
}
